<?xml version="1.0" encoding="UTF-8"?>
<!DOCTYPE html PUBLIC "-//W3C//DTD XHTML 1.0 Transitional//EN"
    "http://www.w3.org/TR/xhtml1/DTD/xhtml1-transitional.dtd">
<html xmlns="http://www.w3.org/1999/xhtml" xml:lang="en" lang="en">
 <head>
  <title>
</title>
<meta http-equiv="Content-Type" content="text/html;charset=utf-8" />
  <meta name='ocr-system' content='tesseract 3.04.00' />
  <meta name='ocr-capabilities' content='ocr_page ocr_carea ocr_par ocr_line ocrx_word'/>
</head>
<body>
  <div class='ocr_page' id='page_1' title='image "./cpliniicaecilii03plingoog_0196.png"; bbox 0 0 3052 5040; ppageno 0'>
   <div class='ocr_carea' id='block_1_1' title="bbox 535 275 1385 367">
    <p class='ocr_par' dir='ltr' id='par_1_1' title="bbox 535 275 1385 367">
     <span class='ocr_line' id='line_1_1' title="bbox 535 275 1385 367; baseline -0.001 -2"><span class='ocrx_word' id='word_1_1' title='bbox 535 307 794 367; x_wconf 65' lang='lat' dir='ltr'>cessavcre</span> <span class='ocrx_word' id='word_1_2' title='bbox 801 275 875 367; x_wconf 77' lang='lat' dir='ltr'>cM</span> <span class='ocrx_word' id='word_1_3' title='bbox 895 309 1009 366; x_wconf 76' lang='lat' dir='ltr'>Lxx]</span> <span class='ocrx_word' id='word_1_4' title='bbox 1313 312 1385 367; x_wconf 32' lang='lat'>179*</span> 
     </span>
    </p>
   </div>
   <div class='ocr_carea' id='block_1_2' title="bbox 132 481 1413 1491">
    <p class='ocr_par' dir='ltr' id='par_1_2' title="bbox 167 481 1369 668">
     <span class='ocr_line' id='line_1_2' title="bbox 167 481 1367 594; baseline 0.004 -50"><span class='ocrx_word' id='word_1_5' title='bbox 167 481 325 564; x_wconf 86' lang='lat' dir='ltr'>conlapsa</span> <span class='ocrx_word' id='word_1_6' title='bbox 339 492 398 560; x_wconf 90' lang='lat' dir='ltr'>est,</span> <span class='ocrx_word' id='word_1_7' title='bbox 413 504 451 546; x_wconf 93' lang='lat' dir='ltr'>ac</span> <span class='ocrx_word' id='word_1_8' title='bbox 470 484 536 546; x_wconf 94' lang='lat' dir='ltr'>iam</span> <span class='ocrx_word' id='word_1_9' title='bbox 551 504 656 594; x_wconf 73' lang='lat' dir='ltr'>ppene</span> <span class='ocrx_word' id='word_1_10' title='bbox 671 483 751 547; x_wconf 87' lang='lat' dir='ltr'>nihil</span> <span class='ocrx_word' id='word_1_11' title='bbox 766 505 810 547; x_wconf 91' lang='lat' dir='ltr'>ex</span> <span class='ocrx_word' id='word_1_12' title='bbox 825 505 863 547; x_wconf 93' lang='lat' dir='ltr'>ea</span> <span class='ocrx_word' id='word_1_13' title='bbox 876 485 937 547; x_wconf 93' lang='lat' dir='ltr'>nisi</span> <span class='ocrx_word' id='word_1_14' title='bbox 956 485 1064 547; x_wconf 91' lang='lat' dir='ltr'>solum</span> <span class='ocrx_word' id='word_1_15' title='bbox 1079 496 1228 567; x_wconf 89' lang='lat' dir='ltr'><strong>superest</strong></span> <span class='ocrx_word' id='word_1_16' title='bbox 1245 506 1252 563; x_wconf 90' lang='lat'>;</span> <span class='ocrx_word' id='word_1_17' title='bbox 1278 487 1367 568; x_wconf 94' lang='lat' dir='ltr'>quod</span> 
     </span>
     <span class='ocr_line' id='line_1_3' title="bbox 168 579 1369 668; baseline 0.004 -24"><span class='ocrx_word' id='word_1_18' title='bbox 168 591 213 658; x_wconf 88' lang='lat' dir='ltr'>tu,</span> <span class='ocrx_word' id='word_1_19' title='bbox 240 584 384 661; x_wconf 90' lang='lat' dir='ltr'>domine,</span> <span class='ocrx_word' id='word_1_20' title='bbox 402 585 471 647; x_wconf 90' lang='lat' dir='ltr'>sive</span> <span class='ocrx_word' id='word_1_21' title='bbox 498 579 672 648; x_wconf 81' lang='lat' dir='ltr'>do&#39;naveris</span> <span class='ocrx_word' id='word_1_22' title='bbox 699 585 824 648; x_wconf 89' lang='lat' dir='ltr'>civitati</span> <span class='ocrx_word' id='word_1_23' title='bbox 838 586 920 648; x_wconf 73' lang='lat' dir='ltr'>&#39;sive</span> <span class='ocrx_word' id='word_1_24' title='bbox 946 587 1057 649; x_wconf 92' lang='lat' dir='ltr'>venire</span> <span class='ocrx_word' id='word_1_25' title='bbox 1076 587 1215 662; x_wconf 91' lang='lat' dir='ltr'>iusseris,</span> <span class='ocrx_word' id='word_1_26' title='bbox 1234 596 1369 668; x_wconf 88' lang='lat' dir='ltr'>propter</span> 
     </span>
    </p>

    <p class='ocr_par' dir='ltr' id='par_1_3' title="bbox 132 683 1413 1491">
     <span class='ocr_line' id='line_1_4' title="bbox 132 683 1413 770; baseline 0.008 -26"><span class='ocrx_word' id='word_1_27' title='bbox 132 765 135 770; x_wconf 75' lang='lat'>.</span> <span class='ocrx_word' id='word_1_28' title='bbox 167 685 453 765; x_wconf 82' lang='lat' dir='ltr'>opportunitatem</span> <span class='ocrx_word' id='word_1_29' title='bbox 485 683 548 747; x_wconf 93' lang='lat' dir='ltr'>loci</span> <span class='ocrx_word' id='word_1_30' title='bbox 584 706 644 767; x_wconf 89' lang='lat' dir='ltr'>pro</span> <span class='ocrx_word' id='word_1_31' title='bbox 679 705 810 750; x_wconf 93' lang='lat' dir='ltr'>summo</span> <span class='ocrx_word' id='word_1_32' title='bbox 842 705 978 749; x_wconf 91' lang='lat' dir='ltr'>munere</span> <span class='ocrx_word' id='word_1_33' title='bbox 1007 687 1155 768; x_wconf 87' lang='lat' dir='ltr'>accipiet.</span> <span class='ocrx_word' id='word_1_34' title='bbox 1222 688 1305 770; x_wconf 83' lang='lat' dir='ltr'>Ege,</span> <span class='ocrx_word' id='word_1_35' title='bbox 1340 688 1367 750; x_wconf 91' lang='lat' dir='ltr'>si</span> <span class='ocrx_word' id='word_1_36' title='bbox 1395 699 1413 756; x_wconf 86' lang='lat'>3</span> 
     </span>
     <span class='ocr_line' id='line_1_5' title="bbox 167 785 1366 866; baseline 0.004 -21"><span class='ocrx_word' id='word_1_37' title='bbox 167 785 363 865; x_wconf 74' lang='lat' dir='ltr'>permiseris</span> <span class='ocrx_word' id='word_1_38' title='bbox 382 785 492 866; x_wconf 86' lang='lat' dir='ltr'>cogito</span> <span class='ocrx_word' id='word_1_39' title='bbox 510 786 543 848; x_wconf 92' lang='lat' dir='ltr'>in</span> <span class='ocrx_word' id='word_1_40' title='bbox 563 806 639 848; x_wconf 88' lang='lat' dir='ltr'>area</span> <span class='ocrx_word' id='word_1_41' title='bbox 656 805 761 848; x_wconf 92' lang='lat' dir='ltr'>vacua</span> <span class='ocrx_word' id='word_1_42' title='bbox 778 785 946 849; x_wconf 89' lang='lat' dir='ltr'>balineum</span> <span class='ocrx_word' id='word_1_43' title='bbox 965 787 1146 863; x_wconf 87' lang='lat' dir='ltr'>conlocare,</span> <span class='ocrx_word' id='word_1_44' title='bbox 1160 807 1235 850; x_wconf 91' lang='lat' dir='ltr'>eum</span> <span class='ocrx_word' id='word_1_45' title='bbox 1255 797 1366 851; x_wconf 90' lang='lat' dir='ltr'>autem</span> 
     </span>
     <span class='ocr_line' id='line_1_6' title="bbox 168 867 1366 980; baseline 0.003 -34"><span class='ocrx_word' id='word_1_46' title='bbox 168 884 281 947; x_wconf 54' lang='lat' dir='ltr'>locum*</span> <span class='ocrx_word' id='word_1_47' title='bbox 298 885 331 946; x_wconf 94' lang='lat' dir='ltr'>in</span> <span class='ocrx_word' id='word_1_48' title='bbox 359 906 426 967; x_wconf 94' lang='lat' dir='ltr'>quo</span> <span class='ocrx_word' id='word_1_49' title='bbox 453 885 604 949; x_wconf 89' lang='lat' dir='ltr'>aedificia</span> <span class='ocrx_word' id='word_1_50' title='bbox 630 885 762 980; x_wconf 81' lang='lat' dir='ltr'>suerunt</span> <span class='ocrx_word' id='word_1_51' title='bbox 789 867 919 951; x_wconf 63' lang='lat' dir='ltr'>exedra</span> <span class='ocrx_word' id='word_1_52' title='bbox 940 898 974 951; x_wconf 93' lang='lat' dir='ltr'>et</span> <span class='ocrx_word' id='word_1_53' title='bbox 1000 887 1181 969; x_wconf 88' lang='lat' dir='ltr'>porticibus</span> <span class='ocrx_word' id='word_1_54' title='bbox 1210 889 1366 970; x_wconf 87' lang='lat' dir='ltr'>amplecti</span> 
     </span>
     <span class='ocr_line' id='line_1_7' title="bbox 167 984 1367 1071; baseline 0.003 -23"><span class='ocrx_word' id='word_1_55' title='bbox 167 984 295 1067; x_wconf 92' lang='lat' dir='ltr'>tibique</span> <span class='ocrx_word' id='word_1_56' title='bbox 323 1007 523 1063; x_wconf 88' lang='lat' dir='ltr'>consecrare,</span> <span class='ocrx_word' id='word_1_57' title='bbox 556 988 648 1050; x_wconf 93' lang='lat' dir='ltr'>cuius</span> <span class='ocrx_word' id='word_1_58' title='bbox 684 986 858 1050; x_wconf 83' lang='lat' dir='ltr'>beneficio</span> <span class='ocrx_word' id='word_1_59' title='bbox 877 987 1010 1069; x_wconf 85' lang='lat' dir='ltr'>elegans</span> <span class='ocrx_word' id='word_1_60' title='bbox 1046 1009 1130 1070; x_wconf 92' lang='lat' dir='ltr'>opus</span> <span class='ocrx_word' id='word_1_61' title='bbox 1161 989 1367 1071; x_wconf 90' lang='lat' dir='ltr'>dignumque</span> 
     </span>
     <span class='ocr_line' id='line_1_8' title="bbox 167 1076 1412 1170; baseline 0.002 -23"><span class='ocrx_word' id='word_1_62' title='bbox 167 1087 303 1149; x_wconf 92' lang='lat' dir='ltr'>nomine</span> <span class='ocrx_word' id='word_1_63' title='bbox 313 1097 379 1165; x_wconf 40' lang='lat' dir='ltr'>,tuo</span> <span class='ocrx_word' id='word_1_64' title='bbox 398 1087 461 1150; x_wconf 89' lang='lat' dir='ltr'>fiet.</span> <span class='ocrx_word' id='word_1_65' title='bbox 516 1076 700 1170; x_wconf 85' lang='lat' dir='ltr'>Exemplar</span> <span class='ocrx_word' id='word_1_66' title='bbox 717 1089 918 1164; x_wconf 88' lang='lat' dir='ltr'>testamenti,</span> <span class='ocrx_word' id='word_1_67' title='bbox 936 1109 1139 1170; x_wconf 93' lang='lat' dir='ltr'>quamquam</span> <span class='ocrx_word' id='word_1_68' title='bbox 1159 1091 1366 1167; x_wconf 88' lang='lat' dir='ltr'>mendosum,</span> <span class='ocrx_word' id='word_1_69' title='bbox 1393 1097 1412 1150; x_wconf 94' lang='lat'>4</span> 
     </span>
     <span class='ocr_line' id='line_1_9' title="bbox 167 1175 1364 1271; baseline 0.003 -23"><span class='ocrx_word' id='word_1_70' title='bbox 167 1175 332 1250; x_wconf 83' lang='lat' dir='ltr'>misitibi</span> <span class='ocrx_word' id='word_1_71' title='bbox 347 1209 355 1266; x_wconf 92' lang='lat'>;</span> <span class='ocrx_word' id='word_1_72' title='bbox 387 1208 431 1251; x_wconf 87' lang='lat' dir='ltr'>ex</span> <span class='ocrx_word' id='word_1_73' title='bbox 461 1208 529 1270; x_wconf 91' lang='lat' dir='ltr'>quo</span> <span class='ocrx_word' id='word_1_74' title='bbox 564 1209 744 1271; x_wconf 81' lang='lat' dir='ltr'>cognosces</span> <span class='ocrx_word' id='word_1_75' title='bbox 776 1180 881 1251; x_wconf 83' lang='lat' dir='ltr'>multa</span> <span class='ocrx_word' id='word_1_76' title='bbox 918 1189 1122 1271; x_wconf 91' lang='lat' dir='ltr'>Polyaenum</span> <span class='ocrx_word' id='word_1_77' title='bbox 1152 1190 1186 1252; x_wconf 93' lang='lat' dir='ltr'>in</span> <span class='ocrx_word' id='word_1_78' title='bbox 1217 1191 1364 1254; x_wconf 91' lang='lat' dir='ltr'>eiusdem</span> 
     </span>
     <span class='ocr_line' id='line_1_10' title="bbox 165 1274 1367 1372; baseline 0.004 -23"><span class='ocrx_word' id='word_1_79' title='bbox 165 1287 285 1350; x_wconf 92' lang='lat' dir='ltr'>domus</span> <span class='ocrx_word' id='word_1_80' title='bbox 303 1274 458 1351; x_wconf 88' lang='lat' dir='ltr'>ornatum</span> <span class='ocrx_word' id='word_1_81' title='bbox 477 1288 654 1371; x_wconf 87' lang='lat' dir='ltr'>reliquisse,</span> <span class='ocrx_word' id='word_1_82' title='bbox 672 1310 757 1371; x_wconf 90' lang='lat' dir='ltr'>quae</span> <span class='ocrx_word' id='word_1_83' title='bbox 779 1299 826 1352; x_wconf 84' lang='lat' dir='ltr'>ut&#39;</span> <span class='ocrx_word' id='word_1_84' title='bbox 842 1284 961 1353; x_wconf 87' lang='lat' dir='ltr'>domus</span> <span class='ocrx_word' id='word_1_85' title='bbox 979 1290 1051 1372; x_wconf 93' lang='lat' dir='ltr'>ipsa</span> <span class='ocrx_word' id='word_1_86' title='bbox 1073 1292 1248 1372; x_wconf 92' lang='lat' dir='ltr'>perierunt,</span> <span class='ocrx_word' id='word_1_87' title='bbox 1266 1311 1286 1354; x_wconf 93' lang='lat' dir='ltr'>a</span> <span class='ocrx_word' id='word_1_88' title='bbox 1313 1311 1367 1354; x_wconf 92' lang='lat' dir='ltr'>me</span> 
     </span>
     <span class='ocr_line' id='line_1_11' title="bbox 165 1378 925 1491; baseline 0.005 -41"><span class='ocrx_word' id='word_1_89' title='bbox 165 1378 288 1466; x_wconf 87' lang='lat' dir='ltr'>tamen,</span> <span class='ocrx_word' id='word_1_90' title='bbox 307 1390 340 1451; x_wconf 91' lang='lat' dir='ltr'>in</span> <span class='ocrx_word' id='word_1_91' title='bbox 359 1380 521 1471; x_wconf 86' lang='lat' dir='ltr'>quantum</span> <span class='ocrx_word' id='word_1_92' title='bbox 541 1379 694 1472; x_wconf 83' lang='lat' dir='ltr'>potuerit,</span> <span class='ocrx_word' id='word_1_93' title='bbox 713 1389 925 1491; x_wconf 79' lang='lat' dir='ltr'>requirentur.</span> 
     </span>
    </p>
   </div>
   <div class='ocr_carea' id='block_1_3' title="bbox 196 1506 1324 1702">
    <p class='ocr_par' dir='ltr' id='par_1_4' title="bbox 196 1506 1324 1702">
     <span class='ocr_line' id='line_1_12' title="bbox 198 1506 1128 1572; baseline 0.004 -18"><span class='ocrx_word' id='word_1_94' title='bbox 198 1506 342 1571; x_wconf 86' lang='lat' dir='ltr'>3accipiet.</span> <span class='ocrx_word' id='word_1_95' title='bbox 359 1507 422 1572; x_wconf 89' lang='lat' dir='ltr'>Ego,</span> <span class='ocrx_word' id='word_1_96' title='bbox 440 1509 493 1557; x_wconf 84' lang='lat' dir='ltr'>Cat.</span> <span class='ocrx_word' id='word_1_97' title='bbox 675 1520 677 1530; x_wconf 91' lang='grc'><em>·</em></span> <span class='ocrx_word' id='word_1_98' title='bbox 725 1508 859 1572; x_wconf 84' lang='lat' dir='ltr'>6tibique,</span> <span class='ocrx_word' id='word_1_99' title='bbox 874 1508 905 1557; x_wconf 89' lang='lat' dir='ltr'>B.</span> <span class='ocrx_word' id='word_1_100' title='bbox 918 1517 993 1572; x_wconf 93' lang='lat' dir='ltr'>atque</span> <span class='ocrx_word' id='word_1_101' title='bbox 1004 1507 1057 1568; x_wconf 90' lang='lat' dir='ltr'>tibi,</span> <span class='ocrx_word' id='word_1_102' title='bbox 1069 1508 1128 1558; x_wconf 68' lang='grc' dir='ltr'>Αἶά.</span> 
     </span>
     <span class='ocr_line' id='line_1_13' title="bbox 229 1572 996 1637; baseline 0.004 -18"><span class='ocrx_word' id='word_1_103' title='bbox 229 1572 309 1636; x_wconf 89' lang='lat' dir='ltr'>accipi</span> <span class='ocrx_word' id='word_1_104' title='bbox 320 1580 344 1621; x_wconf 92' lang='lat' dir='ltr'>et</span> <span class='ocrx_word' id='word_1_105' title='bbox 356 1588 412 1636; x_wconf 87' lang='lat' dir='ltr'>ego,</span> <span class='ocrx_word' id='word_1_106' title='bbox 426 1575 520 1622; x_wconf 83' lang='lat' dir='ltr'>Avant.</span> <span class='ocrx_word' id='word_1_107' title='bbox 535 1573 589 1621; x_wconf 84' lang='lat' dir='ltr'>and</span> <span class='ocrx_word' id='word_1_108' title='bbox 596 1573 655 1622; x_wconf 66' lang='grc' dir='ltr'>Αἶά.</span> <span class='ocrx_word' id='word_1_109' title='bbox 757 1588 821 1637; x_wconf 91' lang='lat' dir='ltr'>quae</span> <span class='ocrx_word' id='word_1_110' title='bbox 833 1573 885 1633; x_wconf 90' lang='lat' dir='ltr'>tibi,</span> <span class='ocrx_word' id='word_1_111' title='bbox 900 1575 996 1623; x_wconf 84' lang='lat' dir='ltr'>Avant.</span> 
     </span>
     <span class='ocr_line' id='line_1_14' title="bbox 196 1637 1324 1702; baseline 0.003 -17"><span class='ocrx_word' id='word_1_112' title='bbox 196 1650 213 1695; x_wconf 92' lang='lat'>4</span> <span class='ocrx_word' id='word_1_113' title='bbox 229 1652 286 1684; x_wconf 92' lang='lat' dir='ltr'>eum</span> <span class='ocrx_word' id='word_1_114' title='bbox 298 1645 390 1696; x_wconf 88' lang='lat' dir='ltr'>autem,</span> <span class='ocrx_word' id='word_1_115' title='bbox 403 1640 499 1687; x_wconf 83' lang='lat' dir='ltr'>Avant.</span> <span class='ocrx_word' id='word_1_116' title='bbox 725 1649 739 1699; x_wconf 91' lang='lat'>7</span> <span class='ocrx_word' id='word_1_117' title='bbox 757 1639 880 1702; x_wconf 87' lang='lat' dir='ltr'>exempla,</span> <span class='ocrx_word' id='word_1_118' title='bbox 893 1641 988 1688; x_wconf 83' lang='lat' dir='ltr'>Avant.</span> <span class='ocrx_word' id='word_1_119' title='bbox 1067 1637 1083 1688; x_wconf 92' lang='lat'>8</span> <span class='ocrx_word' id='word_1_120' title='bbox 1100 1639 1214 1699; x_wconf 90' lang='lat' dir='ltr'>eundem,</span> <span class='ocrx_word' id='word_1_121' title='bbox 1229 1640 1324 1688; x_wconf 84' lang='lat' dir='ltr'>Avant.</span> 
     </span>
    </p>
   </div>
   <div class='ocr_carea' id='block_1_4' title="bbox 158 1751 1366 3641">
    <p class='ocr_par' dir='ltr' id='par_1_5' title="bbox 158 1751 1366 3641">
     <span class='ocr_line' id='line_1_15' title="bbox 163 1751 1366 1819; baseline 0.004 -20"><span class='ocrx_word' id='word_1_122' title='bbox 163 1751 251 1801; x_wconf 90' lang='lat' dir='ltr'>Wilm.</span> <span class='ocrx_word' id='word_1_123' title='bbox 269 1763 341 1816; x_wconf 86' lang='lat'>2459,</span> <span class='ocrx_word' id='word_1_124' title='bbox 364 1754 444 1803; x_wconf 89' lang='lat' dir='ltr'>‘lares</span> <span class='ocrx_word' id='word_1_125' title='bbox 462 1761 486 1803; x_wconf 92' lang='lat' dir='ltr'>et</span> <span class='ocrx_word' id='word_1_126' title='bbox 504 1754 624 1818; x_wconf 83' lang='lat' dir='ltr'>imagines</span> <span class='ocrx_word' id='word_1_127' title='bbox 642 1754 737 1803; x_wconf 90' lang='lat' dir='ltr'>domini</span> <span class='ocrx_word' id='word_1_128' title='bbox 789 1755 893 1804; x_wconf 89' lang='lat' dir='ltr'>Crassus</span> <span class='ocrx_word' id='word_1_129' title='bbox 915 1755 1007 1805; x_wconf 89' lang='lat' dir='ltr'>lectulo</span> <span class='ocrx_word' id='word_1_130' title='bbox 1026 1755 1108 1819; x_wconf 89' lang='lat' dir='ltr'>posito</span> <span class='ocrx_word' id='word_1_131' title='bbox 1131 1755 1291 1815; x_wconf 86' lang='lat' dir='ltr'>recubuisset,</span> <span class='ocrx_word' id='word_1_132' title='bbox 1315 1757 1366 1804; x_wconf 91' lang='lat' dir='ltr'>and</span> 
     </span>
     <span class='ocr_line' id='line_1_16' title="bbox 161 1817 1366 1882; baseline 0.005 -18"><span class='ocrx_word' id='word_1_133' title='bbox 161 1817 241 1865; x_wconf 89' lang='lat' dir='ltr'>nostri</span> <span class='ocrx_word' id='word_1_134' title='bbox 254 1817 384 1877; x_wconf 88' lang='lat' dir='ltr'>Caesaris,’</span> <span class='ocrx_word' id='word_1_135' title='bbox 397 1821 449 1868; x_wconf 92' lang='lat' dir='ltr'>also</span> <span class='ocrx_word' id='word_1_136' title='bbox 464 1829 534 1882; x_wconf 87' lang='lat'>1731,</span> <span class='ocrx_word' id='word_1_137' title='bbox 548 1832 621 1880; x_wconf 85' lang='lat'>2241,</span> <span class='ocrx_word' id='word_1_138' title='bbox 636 1828 681 1869; x_wconf 92' lang='lat' dir='ltr'>etc.</span> <span class='ocrx_word' id='word_1_139' title='bbox 788 1821 849 1869; x_wconf 77' lang='lat' dir='ltr'>Nat.</span> <span class='ocrx_word' id='word_1_140' title='bbox 865 1821 940 1869; x_wconf 82' lang='lat' dir='ltr'>Dcor.</span> <span class='ocrx_word' id='word_1_141' title='bbox 954 1820 963 1868; x_wconf 92' lang='lat' dir='ltr'>i</span> <span class='ocrx_word' id='word_1_142' title='bbox 980 1821 1003 1880; x_wconf 87' lang='lat'>6,</span> <span class='ocrx_word' id='word_1_143' title='bbox 1022 1824 1095 1868; x_wconf 82' lang='lat' dir='ltr'>‘narn</span> <span class='ocrx_word' id='word_1_144' title='bbox 1113 1836 1169 1868; x_wconf 93' lang='lat' dir='ltr'>cum</span> <span class='ocrx_word' id='word_1_145' title='bbox 1186 1820 1252 1870; x_wconf 82' lang='lat' dir='ltr'>feriis</span> <span class='ocrx_word' id='word_1_146' title='bbox 1269 1821 1366 1870; x_wconf 91' lang='lat' dir='ltr'>Latinis</span> 
     </span>
     <span class='ocr_line' id='line_1_17' title="bbox 196 1884 1364 1949; baseline 0.003 -19"><span class='ocrx_word' id='word_1_147' title='bbox 196 1884 259 1931; x_wconf 84' lang='lat' dir='ltr'>slve</span> <span class='ocrx_word' id='word_1_148' title='bbox 267 1886 431 1943; x_wconf 82' lang='lat' dir='ltr'>donaveris,</span> <span class='ocrx_word' id='word_1_149' title='bbox 442 1892 489 1933; x_wconf 91' lang='lat' dir='ltr'>etc.</span> <span class='ocrx_word' id='word_1_150' title='bbox 514 1885 740 1948; x_wconf 82' lang='lat' dir='ltr'>Havingbeenleit</span> <span class='ocrx_word' id='word_1_151' title='bbox 788 1885 820 1933; x_wconf 91' lang='lat' dir='ltr'>ad</span> <span class='ocrx_word' id='word_1_152' title='bbox 843 1901 900 1934; x_wconf 93' lang='lat' dir='ltr'>eum</span> <span class='ocrx_word' id='word_1_153' title='bbox 922 1885 999 1949; x_wconf 91' lang='lat' dir='ltr'>ipsius</span> <span class='ocrx_word' id='word_1_154' title='bbox 1025 1894 1112 1949; x_wconf 87' lang='lat' dir='ltr'>rogatu</span> <span class='ocrx_word' id='word_1_155' title='bbox 1137 1922 1143 1935; x_wconf 96' lang='lat'>.</span> <span class='ocrx_word' id='word_1_156' title='bbox 1168 1922 1174 1934; x_wconf 95' lang='lat'>.</span> <span class='ocrx_word' id='word_1_157' title='bbox 1200 1921 1205 1933; x_wconf 89' lang='lat'>.</span> <span class='ocrx_word' id='word_1_158' title='bbox 1233 1886 1364 1946; x_wconf 89' lang='lat' dir='ltr'>venissem,</span> 
     </span>
     <span class='ocr_line' id='line_1_18' title="bbox 162 1947 1361 2014; baseline 0.004 -19"><span class='ocrx_word' id='word_1_159' title='bbox 162 1953 190 1995; x_wconf 94' lang='lat' dir='ltr'>to</span> <span class='ocrx_word' id='word_1_160' title='bbox 201 1947 322 1996; x_wconf 91' lang='lat' dir='ltr'>Claudius</span> <span class='ocrx_word' id='word_1_161' title='bbox 336 1949 369 2011; x_wconf 94' lang='lat' dir='ltr'>by</span> <span class='ocrx_word' id='word_1_162' title='bbox 381 1956 521 2007; x_wconf 92' lang='lat' dir='ltr'>testament,</span> <span class='ocrx_word' id='word_1_163' title='bbox 539 1950 558 1999; x_wconf 94' lang='lat' dir='ltr'>it</span> <span class='ocrx_word' id='word_1_164' title='bbox 569 1950 672 1999; x_wconf 92' lang='lat' dir='ltr'>became</span> <span class='ocrx_word' id='word_1_165' title='bbox 684 1958 740 2014; x_wconf 89' lang='lat' dir='ltr'>part</span> <span class='ocrx_word' id='word_1_166' title='bbox 789 1950 881 1999; x_wconf 89' lang='lat' dir='ltr'>offendi</span> <span class='ocrx_word' id='word_1_167' title='bbox 892 1965 949 1999; x_wconf 92' lang='lat' dir='ltr'>eum</span> <span class='ocrx_word' id='word_1_168' title='bbox 961 1950 1089 2000; x_wconf 86' lang='lat' dir='ltr'>sedentem</span> <span class='ocrx_word' id='word_1_169' title='bbox 1106 1950 1132 1998; x_wconf 91' lang='lat' dir='ltr'>in</span> <span class='ocrx_word' id='word_1_170' title='bbox 1150 1951 1241 1999; x_wconf 85' lang='lat' dir='ltr'>exedra</span> <span class='ocrx_word' id='word_1_171' title='bbox 1258 1967 1315 2001; x_wconf 90' lang='lat' dir='ltr'>cnm</span> <span class='ocrx_word' id='word_1_172' title='bbox 1332 1951 1361 2000; x_wconf 90' lang='lat' dir='ltr'>C.</span> 
     </span>
     <span class='ocr_line' id='line_1_19' title="bbox 161 2011 1365 2078; baseline 0.003 -18"><span class='ocrx_word' id='word_1_173' title='bbox 161 2011 191 2061; x_wconf 88' lang='lat' dir='ltr'>oi</span> <span class='ocrx_word' id='word_1_174' title='bbox 210 2011 253 2061; x_wconf 89' lang='lat' dir='ltr'>the</span> <span class='ocrx_word' id='word_1_175' title='bbox 276 2013 452 2077; x_wconf 90' lang='lat' dir='ltr'>patrimonium</span> <span class='ocrx_word' id='word_1_176' title='bbox 477 2015 596 2074; x_wconf 85' lang='lat' dir='ltr'>Caesaris,</span> <span class='ocrx_word' id='word_1_177' title='bbox 619 2014 740 2078; x_wconf 86' lang='lat' dir='ltr'>although</span> <span class='ocrx_word' id='word_1_178' title='bbox 789 2015 887 2064; x_wconf 91' lang='lat' dir='ltr'>Velleio</span> <span class='ocrx_word' id='word_1_179' title='bbox 917 2023 1031 2064; x_wconf 88' lang='lat' dir='ltr'>senatore</span> <span class='ocrx_word' id='word_1_180' title='bbox 1065 2015 1253 2078; x_wconf 86' lang='lat' dir='ltr'>disputantem&#39;</span> <span class='ocrx_word' id='word_1_181' title='bbox 1297 2016 1365 2066; x_wconf 93' lang='lat' dir='ltr'>Both</span> 
     </span>
     <span class='ocr_line' id='line_1_20' title="bbox 161 2079 1365 2144; baseline 0.003 -19"><span class='ocrx_word' id='word_1_182' title='bbox 161 2079 311 2141; x_wconf 86' lang='lat' dir='ltr'>apparently</span> <span class='ocrx_word' id='word_1_183' title='bbox 328 2079 371 2127; x_wconf 93' lang='lat' dir='ltr'>the</span> <span class='ocrx_word' id='word_1_184' title='bbox 388 2087 456 2128; x_wconf 90' lang='lat' dir='ltr'>town</span> <span class='ocrx_word' id='word_1_185' title='bbox 471 2080 500 2128; x_wconf 89' lang='lat' dir='ltr'>of</span> <span class='ocrx_word' id='word_1_186' title='bbox 515 2081 592 2129; x_wconf 88' lang='lat' dir='ltr'>Prusa</span> <span class='ocrx_word' id='word_1_187' title='bbox 607 2080 658 2128; x_wconf 93' lang='lat' dir='ltr'>had</span> <span class='ocrx_word' id='word_1_188' title='bbox 675 2081 739 2129; x_wconf 92' lang='lat' dir='ltr'>been</span> <span class='ocrx_word' id='word_1_189' title='bbox 788 2079 917 2144; x_wconf 87' lang='lat' dir='ltr'>gymnasia</span> <span class='ocrx_word' id='word_1_190' title='bbox 938 2081 988 2129; x_wconf 90' lang='lat' dir='ltr'>and</span> <span class='ocrx_word' id='word_1_191' title='bbox 1011 2080 1096 2144; x_wconf 89' lang='lat' dir='ltr'>public</span> <span class='ocrx_word' id='word_1_192' title='bbox 1118 2081 1192 2129; x_wconf 91' lang='lat' dir='ltr'>baths</span> <span class='ocrx_word' id='word_1_193' title='bbox 1210 2097 1243 2129; x_wconf 92' lang='lat' dir='ltr'>on</span> <span class='ocrx_word' id='word_1_194' title='bbox 1261 2097 1277 2129; x_wconf 90' lang='lat' dir='ltr'>a</span> <span class='ocrx_word' id='word_1_195' title='bbox 1296 2082 1365 2144; x_wconf 89' lang='lat' dir='ltr'>large</span> 
     </span>
     <span class='ocr_line' id='line_1_21' title="bbox 162 2143 1363 2205; baseline 0.004 -15"><span class='ocrx_word' id='word_1_196' title='bbox 162 2143 270 2191; x_wconf 86' lang='lat' dir='ltr'>allowed</span> <span class='ocrx_word' id='word_1_197' title='bbox 293 2150 320 2192; x_wconf 92' lang='lat' dir='ltr'>to</span> <span class='ocrx_word' id='word_1_198' title='bbox 342 2144 438 2193; x_wconf 88' lang='lat' dir='ltr'>receive</span> <span class='ocrx_word' id='word_1_199' title='bbox 461 2145 504 2193; x_wconf 91' lang='lat' dir='ltr'>the</span> <span class='ocrx_word' id='word_1_200' title='bbox 526 2153 589 2205; x_wconf 90' lang='lat' dir='ltr'>rent,</span> <span class='ocrx_word' id='word_1_201' title='bbox 615 2145 738 2194; x_wconf 90' lang='lat' dir='ltr'>‘reditum</span> <span class='ocrx_word' id='word_1_202' title='bbox 788 2145 854 2194; x_wconf 90' lang='lat' dir='ltr'>scale</span> <span class='ocrx_word' id='word_1_203' title='bbox 865 2161 930 2194; x_wconf 87' lang='lat' dir='ltr'>were</span> <span class='ocrx_word' id='word_1_204' title='bbox 945 2145 1071 2194; x_wconf 82' lang='lat' dir='ltr'>iurnished</span> <span class='ocrx_word' id='word_1_205' title='bbox 1089 2145 1150 2193; x_wconf 90' lang='lat' dir='ltr'>with</span> <span class='ocrx_word' id='word_1_206' title='bbox 1162 2144 1231 2194; x_wconf 89' lang='lat' dir='ltr'>these</span> <span class='ocrx_word' id='word_1_207' title='bbox 1248 2147 1363 2195; x_wconf 89' lang='lat' dir='ltr'>exedrae.</span> 
     </span>
     <span class='ocr_line' id='line_1_22' title="bbox 162 2207 1364 2274; baseline 0.005 -19"><span class='ocrx_word' id='word_1_208' title='bbox 162 2207 250 2256; x_wconf 89' lang='lat' dir='ltr'>civitas</span> <span class='ocrx_word' id='word_1_209' title='bbox 261 2208 392 2273; x_wconf 83' lang='lat' dir='ltr'>percepit’</span> <span class='ocrx_word' id='word_1_210' title='bbox 788 2210 861 2274; x_wconf 90' lang='lat' dir='ltr'>They</span> <span class='ocrx_word' id='word_1_211' title='bbox 878 2226 942 2260; x_wconf 88' lang='lat' dir='ltr'>were</span> <span class='ocrx_word' id='word_1_212' title='bbox 960 2211 1057 2273; x_wconf 88' lang='lat' dir='ltr'>usually</span> <span class='ocrx_word' id='word_1_213' title='bbox 1073 2210 1239 2259; x_wconf 89' lang='lat' dir='ltr'>semicircular</span> <span class='ocrx_word' id='word_1_214' title='bbox 1256 2226 1364 2261; x_wconf 90' lang='lat' dir='ltr'>recesses</span> 
     </span>
     <span class='ocr_line' id='line_1_23' title="bbox 194 2274 1364 2338; baseline 0.003 -18"><span class='ocrx_word' id='word_1_215' title='bbox 194 2275 324 2329; x_wconf 82' lang='lat' dir='ltr'>accipiet.</span> <span class='ocrx_word' id='word_1_216' title='bbox 359 2274 415 2323; x_wconf 88' lang='lat' dir='ltr'>The</span> <span class='ocrx_word' id='word_1_217' title='bbox 432 2274 573 2338; x_wconf 88' lang='lat' dir='ltr'>prominent</span> <span class='ocrx_word' id='word_1_218' title='bbox 590 2275 699 2338; x_wconf 90' lang='lat' dir='ltr'>position</span> <span class='ocrx_word' id='word_1_219' title='bbox 714 2275 743 2323; x_wconf 87' lang='lat' dir='ltr'>os</span> <span class='ocrx_word' id='word_1_220' title='bbox 787 2275 848 2324; x_wconf 89' lang='lat' dir='ltr'>with</span> <span class='ocrx_word' id='word_1_221' title='bbox 868 2284 933 2324; x_wconf 91' lang='lat' dir='ltr'>seats</span> <span class='ocrx_word' id='word_1_222' title='bbox 951 2274 977 2324; x_wconf 90' lang='lat' dir='ltr'>in</span> <span class='ocrx_word' id='word_1_223' title='bbox 989 2275 1032 2324; x_wconf 95' lang='lat' dir='ltr'>the</span> <span class='ocrx_word' id='word_1_224' title='bbox 1048 2276 1208 2333; x_wconf 88' lang='lat' dir='ltr'>colonnades,</span> <span class='ocrx_word' id='word_1_225' title='bbox 1228 2275 1324 2325; x_wconf 89' lang='lat' dir='ltr'>Vitruv.</span> <span class='ocrx_word' id='word_1_226' title='bbox 1348 2292 1364 2324; x_wconf 98' lang='lat' dir='ltr'>v</span> 
     </span>
     <span class='ocr_line' id='line_1_24' title="bbox 163 2337 1364 2404; baseline 0.004 -19"><span class='ocrx_word' id='word_1_227' title='bbox 163 2337 331 2401; x_wconf 88' lang='lat' dir='ltr'>‘tu’-‘quod</span> <span class='ocrx_word' id='word_1_228' title='bbox 339 2346 365 2387; x_wconf 92' lang='lat' dir='ltr'>tu</span> <span class='ocrx_word' id='word_1_229' title='bbox 373 2338 490 2398; x_wconf 71' lang='lat' dir='ltr'>domine’</span> <span class='ocrx_word' id='word_1_230' title='bbox 500 2340 585 2388; x_wconf 87' lang='lat' dir='ltr'>makes</span> <span class='ocrx_word' id='word_1_231' title='bbox 593 2340 636 2389; x_wconf 91' lang='lat' dir='ltr'>the</span> <span class='ocrx_word' id='word_1_232' title='bbox 643 2342 740 2403; x_wconf 86' lang='lat' dir='ltr'>change</span> <span class='ocrx_word' id='word_1_233' title='bbox 790 2352 827 2400; x_wconf 88' lang='lat'>11,</span> <span class='ocrx_word' id='word_1_234' title='bbox 845 2339 1051 2390; x_wconf 80' lang='lat' dir='ltr'>‘Constituantur</span> <span class='ocrx_word' id='word_1_235' title='bbox 1063 2340 1089 2388; x_wconf 91' lang='lat' dir='ltr'>in</span> <span class='ocrx_word' id='word_1_236' title='bbox 1106 2341 1242 2404; x_wconf 90' lang='lat' dir='ltr'>porticibus</span> <span class='ocrx_word' id='word_1_237' title='bbox 1258 2342 1364 2390; x_wconf 90' lang='lat' dir='ltr'>exedrae</span> 
     </span>
     <span class='ocr_line' id='line_1_25' title="bbox 161 2401 1362 2470; baseline 0.003 -20"><span class='ocrx_word' id='word_1_238' title='bbox 161 2401 191 2450; x_wconf 87' lang='lat' dir='ltr'>oi</span> <span class='ocrx_word' id='word_1_239' title='bbox 205 2418 296 2466; x_wconf 92' lang='lat' dir='ltr'>person</span> <span class='ocrx_word' id='word_1_240' title='bbox 315 2404 397 2453; x_wconf 90' lang='lat' dir='ltr'>rather</span> <span class='ocrx_word' id='word_1_241' title='bbox 415 2405 548 2453; x_wconf 89' lang='lat' dir='ltr'>awkward.</span> <span class='ocrx_word' id='word_1_242' title='bbox 583 2405 631 2454; x_wconf 91' lang='lat' dir='ltr'>We</span> <span class='ocrx_word' id='word_1_243' title='bbox 649 2406 739 2454; x_wconf 89' lang='lat' dir='ltr'>should</span> <span class='ocrx_word' id='word_1_244' title='bbox 787 2405 918 2468; x_wconf 88' lang='lat' dir='ltr'>spatiosae,</span> <span class='ocrx_word' id='word_1_245' title='bbox 933 2406 1053 2454; x_wconf 90' lang='lat' dir='ltr'>habentes</span> <span class='ocrx_word' id='word_1_246' title='bbox 1061 2406 1133 2454; x_wconf 91' lang='lat' dir='ltr'>sedes</span> <span class='ocrx_word' id='word_1_247' title='bbox 1144 2405 1170 2454; x_wconf 93' lang='lat' dir='ltr'>in</span> <span class='ocrx_word' id='word_1_248' title='bbox 1183 2405 1273 2469; x_wconf 91' lang='lat' dir='ltr'>quibus</span> <span class='ocrx_word' id='word_1_249' title='bbox 1282 2406 1362 2470; x_wconf 92' lang='lat' dir='ltr'>philo-</span> 
     </span>
     <span class='ocr_line' id='line_1_26' title="bbox 159 2468 1363 2534; baseline 0.005 -20"><span class='ocrx_word' id='word_1_250' title='bbox 159 2468 243 2516; x_wconf 91' lang='lat' dir='ltr'>rather</span> <span class='ocrx_word' id='word_1_251' title='bbox 264 2468 327 2518; x_wconf 91' lang='lat' dir='ltr'>have</span> <span class='ocrx_word' id='word_1_252' title='bbox 347 2471 468 2532; x_wconf 87' lang='lat' dir='ltr'>expected</span> <span class='ocrx_word' id='word_1_253' title='bbox 492 2471 630 2520; x_wconf 89' lang='lat' dir='ltr'>‘summum</span> <span class='ocrx_word' id='word_1_254' title='bbox 650 2487 739 2520; x_wconf 92' lang='lat' dir='ltr'>munus</span> <span class='ocrx_word' id='word_1_255' title='bbox 787 2470 867 2534; x_wconf 92' lang='lat' dir='ltr'>sophi,</span> <span class='ocrx_word' id='word_1_256' title='bbox 901 2471 1011 2520; x_wconf 89' lang='lat' dir='ltr'>rhetores</span> <span class='ocrx_word' id='word_1_257' title='bbox 1040 2470 1177 2534; x_wconf 88' lang='lat' dir='ltr'>reliquique</span> <span class='ocrx_word' id='word_1_258' title='bbox 1203 2471 1247 2534; x_wconf 91' lang='lat' dir='ltr'>qui</span> <span class='ocrx_word' id='word_1_259' title='bbox 1275 2471 1363 2520; x_wconf 90' lang='lat' dir='ltr'>studiis</span> 
     </span>
     <span class='ocr_line' id='line_1_27' title="bbox 161 2531 1362 2599; baseline 0.004 -19"><span class='ocrx_word' id='word_1_260' title='bbox 161 2531 250 2581; x_wconf 69' lang='lat' dir='ltr'>dabis!</span> <span class='ocrx_word' id='word_1_261' title='bbox 787 2535 942 2584; x_wconf 91' lang='lat' dir='ltr'>delectantur</span> <span class='ocrx_word' id='word_1_262' title='bbox 964 2535 1078 2584; x_wconf 89' lang='lat' dir='ltr'>sedentes</span> <span class='ocrx_word' id='word_1_263' title='bbox 1100 2535 1226 2599; x_wconf 87' lang='lat' dir='ltr'>disputare</span> <span class='ocrx_word' id='word_1_264' title='bbox 1249 2536 1362 2599; x_wconf 90' lang='lat' dir='ltr'>possint.’</span> 
     </span>
     <span class='ocr_line' id='line_1_28' title="bbox 193 2598 1363 2665; baseline 0.003 -19"><span class='ocrx_word' id='word_1_265' title='bbox 193 2598 238 2660; x_wconf 71' lang='lat'>53.</span> <span class='ocrx_word' id='word_1_266' title='bbox 252 2601 283 2646; x_wconf 88' lang='lat' dir='ltr'>in</span> <span class='ocrx_word' id='word_1_267' title='bbox 294 2612 364 2648; x_wconf 80' lang='lat' dir='ltr'>area</span> <span class='ocrx_word' id='word_1_268' title='bbox 373 2614 474 2650; x_wconf 76' lang='lat' dir='ltr'>vacue.</span> <span class='ocrx_word' id='word_1_269' title='bbox 500 2601 613 2665; x_wconf 61' lang='lat' dir='ltr'>D223c50,</span> <span class='ocrx_word' id='word_1_270' title='bbox 629 2601 665 2659; x_wconf 88' lang='lat'>16,</span> <span class='ocrx_word' id='word_1_271' title='bbox 680 2613 737 2659; x_wconf 89' lang='lat'>211,</span> <span class='ocrx_word' id='word_1_272' title='bbox 788 2601 819 2648; x_wconf 93' lang='lat' dir='ltr'>In</span> <span class='ocrx_word' id='word_1_273' title='bbox 832 2601 899 2664; x_wconf 85' lang='lat' dir='ltr'>large</span> <span class='ocrx_word' id='word_1_274' title='bbox 910 2600 984 2649; x_wconf 91' lang='lat' dir='ltr'>baths</span> <span class='ocrx_word' id='word_1_275' title='bbox 996 2600 1047 2648; x_wconf 87' lang='lat' dir='ltr'>like</span> <span class='ocrx_word' id='word_1_276' title='bbox 1061 2601 1132 2649; x_wconf 92' lang='lat' dir='ltr'>those</span> <span class='ocrx_word' id='word_1_277' title='bbox 1149 2601 1177 2649; x_wconf 87' lang='lat' dir='ltr'>of</span> <span class='ocrx_word' id='word_1_278' title='bbox 1192 2601 1320 2650; x_wconf 88' lang='lat' dir='ltr'>Caracalla</span> <span class='ocrx_word' id='word_1_279' title='bbox 1337 2609 1363 2650; x_wconf 91' lang='lat' dir='ltr'>at</span> 
     </span>
     <span class='ocr_line' id='line_1_29' title="bbox 163 2662 1362 2730; baseline 0.004 -20"><span class='ocrx_word' id='word_1_280' title='bbox 163 2662 247 2711; x_wconf 89' lang='lat' dir='ltr'>‘locus</span> <span class='ocrx_word' id='word_1_281' title='bbox 259 2662 313 2714; x_wconf 92' lang='lat' dir='ltr'>sine</span> <span class='ocrx_word' id='word_1_282' title='bbox 324 2664 438 2714; x_wconf 86' lang='lat' dir='ltr'>aedificio</span> <span class='ocrx_word' id='word_1_283' title='bbox 451 2665 478 2714; x_wconf 92' lang='lat' dir='ltr'>in</span> <span class='ocrx_word' id='word_1_284' title='bbox 489 2667 550 2714; x_wconf 93' lang='lat' dir='ltr'>urbe</span> <span class='ocrx_word' id='word_1_285' title='bbox 561 2682 618 2715; x_wconf 90' lang='lat' dir='ltr'>area</span> <span class='ocrx_word' id='word_1_286' title='bbox 628 2665 634 2687; x_wconf 95' lang='lat'>&#39;</span> <span class='ocrx_word' id='word_1_287' title='bbox 641 2683 648 2724; x_wconf 82' lang='lat'><em>3</em></span> <span class='ocrx_word' id='word_1_288' title='bbox 667 2666 735 2714; x_wconf 91' lang='lat' dir='ltr'>Suet.</span> <span class='ocrx_word' id='word_1_289' title='bbox 788 2666 869 2714; x_wconf 88' lang='lat' dir='ltr'>Rome</span> <span class='ocrx_word' id='word_1_290' title='bbox 885 2665 954 2714; x_wconf 90' lang='lat' dir='ltr'>these</span> <span class='ocrx_word' id='word_1_291' title='bbox 965 2666 1070 2714; x_wconf 88' lang='lat' dir='ltr'>exedrae</span> <span class='ocrx_word' id='word_1_292' title='bbox 1085 2681 1150 2714; x_wconf 92' lang='lat' dir='ltr'>were</span> <span class='ocrx_word' id='word_1_293' title='bbox 1165 2666 1234 2714; x_wconf 85' lang='lat' dir='ltr'>often</span> <span class='ocrx_word' id='word_1_294' title='bbox 1250 2674 1362 2730; x_wconf 86' lang='lat' dir='ltr'>separate</span> 
     </span>
     <span class='ocr_line' id='line_1_30' title="bbox 167 2727 1359 2794; baseline 0.004 -19"><span class='ocrx_word' id='word_1_295' title='bbox 167 2727 233 2790; x_wconf 78' lang='lat' dir='ltr'>Vesp.</span> <span class='ocrx_word' id='word_1_296' title='bbox 267 2729 290 2788; x_wconf 91' lang='lat'>8,</span> <span class='ocrx_word' id='word_1_297' title='bbox 326 2732 431 2778; x_wconf 92' lang='lat' dir='ltr'>‘vacuas</span> <span class='ocrx_word' id='word_1_298' title='bbox 462 2747 532 2780; x_wconf 90' lang='lat' dir='ltr'>areas</span> <span class='ocrx_word' id='word_1_299' title='bbox 561 2746 682 2792; x_wconf 91' lang='lat' dir='ltr'>occupare</span> <span class='ocrx_word' id='word_1_300' title='bbox 713 2739 738 2780; x_wconf 93' lang='lat' dir='ltr'>et</span> <span class='ocrx_word' id='word_1_301' title='bbox 787 2730 850 2779; x_wconf 88' lang='lat' dir='ltr'>from</span> <span class='ocrx_word' id='word_1_302' title='bbox 871 2731 913 2779; x_wconf 93' lang='lat' dir='ltr'>the</span> <span class='ocrx_word' id='word_1_303' title='bbox 931 2731 1014 2779; x_wconf 92' lang='lat' dir='ltr'>actual</span> <span class='ocrx_word' id='word_1_304' title='bbox 1036 2730 1141 2794; x_wconf 89' lang='lat' dir='ltr'>bathing</span> <span class='ocrx_word' id='word_1_305' title='bbox 1163 2730 1359 2792; x_wconf 91' lang='lat' dir='ltr'>establishment,</span> 
     </span>
     <span class='ocr_line' id='line_1_31' title="bbox 160 2792 1362 2860; baseline 0.003 -19"><span class='ocrx_word' id='word_1_306' title='bbox 160 2792 302 2853; x_wconf 90' lang='lat' dir='ltr'>aedificare,</span> <span class='ocrx_word' id='word_1_307' title='bbox 324 2795 344 2843; x_wconf 90' lang='lat' dir='ltr'>si</span> <span class='ocrx_word' id='word_1_308' title='bbox 361 2811 515 2859; x_wconf 91' lang='lat' dir='ltr'>possessores</span> <span class='ocrx_word' id='word_1_309' title='bbox 534 2804 665 2854; x_wconf 89' lang='lat' dir='ltr'>cessarent,</span> <span class='ocrx_word' id='word_1_310' title='bbox 689 2796 738 2844; x_wconf 93' lang='lat' dir='ltr'>cui·</span> <span class='ocrx_word' id='word_1_311' title='bbox 786 2796 836 2844; x_wconf 93' lang='lat' dir='ltr'>and</span> <span class='ocrx_word' id='word_1_312' title='bbox 848 2796 942 2844; x_wconf 89' lang='lat' dir='ltr'>skirted</span> <span class='ocrx_word' id='word_1_313' title='bbox 954 2796 997 2844; x_wconf 93' lang='lat' dir='ltr'>the</span> <span class='ocrx_word' id='word_1_314' title='bbox 1008 2795 1124 2854; x_wconf 86' lang='lat' dir='ltr'>stadium,</span> <span class='ocrx_word' id='word_1_315' title='bbox 1136 2811 1164 2844; x_wconf 92' lang='lat' dir='ltr'>or</span> <span class='ocrx_word' id='word_1_316' title='bbox 1175 2812 1240 2860; x_wconf 92' lang='lat' dir='ltr'>open</span> <span class='ocrx_word' id='word_1_317' title='bbox 1252 2797 1362 2860; x_wconf 83' lang='lat' dir='ltr'>grounds</span> 
     </span>
     <span class='ocr_line' id='line_1_32' title="bbox 159 2860 1358 2922; baseline 0.003 -16"><span class='ocrx_word' id='word_1_318' title='bbox 159 2872 258 2922; x_wconf 91' lang='lat' dir='ltr'>cunque</span> <span class='ocrx_word' id='word_1_319' title='bbox 284 2860 415 2922; x_wconf 90' lang='lat' dir='ltr'>permisit.’</span> <span class='ocrx_word' id='word_1_320' title='bbox 460 2861 484 2910; x_wconf 95' lang='lat' dir='ltr'>It</span> <span class='ocrx_word' id='word_1_321' title='bbox 510 2861 531 2909; x_wconf 91' lang='lat' dir='ltr'>is</span> <span class='ocrx_word' id='word_1_322' title='bbox 552 2861 619 2918; x_wconf 90' lang='lat' dir='ltr'>here,</span> <span class='ocrx_word' id='word_1_323' title='bbox 639 2861 673 2908; x_wconf 90' lang='lat' dir='ltr'>all</span> <span class='ocrx_word' id='word_1_324' title='bbox 695 2861 739 2910; x_wconf 93' lang='lat' dir='ltr'>the</span> <span class='ocrx_word' id='word_1_325' title='bbox 786 2861 866 2909; x_wconf 91' lang='lat' dir='ltr'>round</span> <span class='ocrx_word' id='word_1_326' title='bbox 878 2861 1009 2910; x_wconf 89' lang='lat' dir='ltr'>thebaths.</span> <span class='ocrx_word' id='word_1_327' title='bbox 1041 2860 1089 2909; x_wconf 92' lang='lat' dir='ltr'>See</span> <span class='ocrx_word' id='word_1_328' title='bbox 1101 2860 1264 2910; x_wconf 87' lang='lat' dir='ltr'>Middleton’s</span> <span class='ocrx_word' id='word_1_329' title='bbox 1275 2863 1358 2922; x_wconf 84' lang='lat' dir='ltr'>Rome,</span> 
     </span>
     <span class='ocr_line' id='line_1_33' title="bbox 159 2923 1358 2991; baseline 0.004 -20"><span class='ocrx_word' id='word_1_330' title='bbox 159 2923 279 2986; x_wconf 89' lang='lat' dir='ltr'>premises</span> <span class='ocrx_word' id='word_1_331' title='bbox 298 2924 323 2971; x_wconf 94' lang='lat' dir='ltr'>in</span> <span class='ocrx_word' id='word_1_332' title='bbox 341 2926 391 2974; x_wconf 91' lang='lat' dir='ltr'>and</span> <span class='ocrx_word' id='word_1_333' title='bbox 411 2926 507 2974; x_wconf 87' lang='lat' dir='ltr'>around</span> <span class='ocrx_word' id='word_1_334' title='bbox 530 2926 572 2975; x_wconf 89' lang='lat' dir='ltr'>the</span> <span class='ocrx_word' id='word_1_335' title='bbox 594 2927 672 2974; x_wconf 90' lang='lat' dir='ltr'>house</span> <span class='ocrx_word' id='word_1_336' title='bbox 694 2934 739 2975; x_wconf 92' lang='lat' dir='ltr'>not</span> <span class='ocrx_word' id='word_1_337' title='bbox 786 2941 811 2989; x_wconf 89' lang='lat' dir='ltr'>p.</span> <span class='ocrx_word' id='word_1_338' title='bbox 828 2935 883 2989; x_wconf 81' lang='lat'>357.</span> <span class='ocrx_word' id='word_1_339' title='bbox 918 2926 960 2976; x_wconf 93' lang='lat' dir='ltr'>On</span> <span class='ocrx_word' id='word_1_340' title='bbox 977 2925 1114 2990; x_wconf 91' lang='lat' dir='ltr'>porticibus</span> <span class='ocrx_word' id='word_1_341' title='bbox 1130 2942 1172 2975; x_wconf 88' lang='lat' dir='ltr'>see</span> <span class='ocrx_word' id='word_1_342' title='bbox 1189 2935 1248 2975; x_wconf 92' lang='lat' dir='ltr'>note</span> <span class='ocrx_word' id='word_1_343' title='bbox 1266 2933 1292 2976; x_wconf 91' lang='lat' dir='ltr'>to</span> <span class='ocrx_word' id='word_1_344' title='bbox 1309 2928 1358 2991; x_wconf 85' lang='lat' dir='ltr'>Ep.</span> 
     </span>
     <span class='ocr_line' id='line_1_34' title="bbox 158 2989 888 3054; baseline 0.007 -19"><span class='ocrx_word' id='word_1_345' title='bbox 158 2989 267 3053; x_wconf 86' lang='lat' dir='ltr'>actually</span> <span class='ocrx_word' id='word_1_346' title='bbox 274 2991 395 3052; x_wconf 91' lang='lat' dir='ltr'>occupied</span> <span class='ocrx_word' id='word_1_347' title='bbox 405 2990 602 3054; x_wconf 88' lang='lat' dir='ltr'>withbuildings.</span> <span class='ocrx_word' id='word_1_348' title='bbox 624 2991 661 3040; x_wconf 85' lang='lat' dir='ltr'>Cf.</span> <span class='ocrx_word' id='word_1_349' title='bbox 673 2991 736 3040; x_wconf 92' lang='lat' dir='ltr'>Plin.</span> <span class='ocrx_word' id='word_1_350' title='bbox 786 3003 827 3054; x_wconf 87' lang='lat'>39,</span> <span class='ocrx_word' id='word_1_351' title='bbox 841 2993 854 3050; x_wconf 69' lang='grc' dir='ltr'><strong>ἓ</strong></span> <span class='ocrx_word' id='word_1_352' title='bbox 865 3003 888 3054; x_wconf 83' lang='grc'>3.</span> 
     </span>
     <span class='ocr_line' id='line_1_35' title="bbox 158 3053 1359 3119; baseline 0.004 -18"><span class='ocrx_word' id='word_1_353' title='bbox 158 3053 208 3116; x_wconf 85' lang='lat' dir='ltr'>Ep.</span> <span class='ocrx_word' id='word_1_354' title='bbox 223 3053 249 3102; x_wconf 90' lang='lat' dir='ltr'>vi</span> <span class='ocrx_word' id='word_1_355' title='bbox 267 3067 305 3111; x_wconf 87' lang='lat'>20,</span> <span class='ocrx_word' id='word_1_356' title='bbox 319 3069 344 3115; x_wconf 84' lang='lat'>4,</span> <span class='ocrx_word' id='word_1_357' title='bbox 363 3055 515 3105; x_wconf 83' lang='lat' dir='ltr'>‘resedimus</span> <span class='ocrx_word' id='word_1_358' title='bbox 531 3056 558 3104; x_wconf 94' lang='lat' dir='ltr'>in</span> <span class='ocrx_word' id='word_1_359' title='bbox 575 3073 632 3105; x_wconf 86' lang='lat' dir='ltr'>area</span> <span class='ocrx_word' id='word_1_360' title='bbox 649 3057 738 3105; x_wconf 91' lang='lat' dir='ltr'>domus</span> <span class='ocrx_word' id='word_1_361' title='bbox 818 3059 871 3105; x_wconf 84' lang='lat' dir='ltr'>tibi</span> <span class='ocrx_word' id='word_1_362' title='bbox 879 3069 1059 3115; x_wconf 80' lang='lat' dir='ltr'>consecrare,</span> <span class='ocrx_word' id='word_1_363' title='bbox 1072 3056 1106 3119; x_wconf 94' lang='lat' dir='ltr'>by</span> <span class='ocrx_word' id='word_1_364' title='bbox 1114 3072 1147 3105; x_wconf 88' lang='lat' dir='ltr'>an</span> <span class='ocrx_word' id='word_1_365' title='bbox 1158 3056 1221 3105; x_wconf 88' lang='lat' dir='ltr'>altar</span> <span class='ocrx_word' id='word_1_366' title='bbox 1232 3072 1260 3106; x_wconf 92' lang='lat' dir='ltr'>or</span> <span class='ocrx_word' id='word_1_367' title='bbox 1268 3056 1359 3106; x_wconf 89' lang='lat' dir='ltr'>shrine.</span> 
     </span>
     <span class='ocr_line' id='line_1_36' title="bbox 159 3121 1360 3186; baseline 0.003 -20"><span class='ocrx_word' id='word_1_368' title='bbox 159 3133 224 3182; x_wconf 91' lang='lat' dir='ltr'>quae</span> <span class='ocrx_word' id='word_1_369' title='bbox 241 3121 420 3170; x_wconf 86' lang='lat' dir='ltr'>mareatectis</span> <span class='ocrx_word' id='word_1_370' title='bbox 434 3121 534 3171; x_wconf 92' lang='lat' dir='ltr'>modico</span> <span class='ocrx_word' id='word_1_371' title='bbox 548 3122 629 3186; x_wconf 91' lang='lat' dir='ltr'>spatio</span> <span class='ocrx_word' id='word_1_372' title='bbox 643 3121 736 3170; x_wconf 90' lang='lat' dir='ltr'>divide·</span> <span class='ocrx_word' id='word_1_373' title='bbox 818 3125 940 3179; x_wconf 70' lang='lat' dir='ltr'>dignum</span> <span class='ocrx_word' id='word_1_374' title='bbox 957 3124 1073 3170; x_wconf 80' lang='lat' dir='ltr'>nomine</span> <span class='ocrx_word' id='word_1_375' title='bbox 1090 3126 1151 3170; x_wconf 86' lang='lat' dir='ltr'>tuo.</span> <span class='ocrx_word' id='word_1_376' title='bbox 1188 3121 1226 3171; x_wconf 87' lang='lat' dir='ltr'>Cf.</span> <span class='ocrx_word' id='word_1_377' title='bbox 1250 3123 1298 3185; x_wconf 83' lang='lat' dir='ltr'>Ep.</span> <span class='ocrx_word' id='word_1_378' title='bbox 1318 3134 1360 3182; x_wconf 92' lang='lat'>41,</span> 
     </span>
     <span class='ocr_line' id='line_1_37' title="bbox 159 3183 1362 3251; baseline 0.002 -18"><span class='ocrx_word' id='word_1_379' title='bbox 159 3183 222 3244; x_wconf 88' lang='lat' dir='ltr'>bat,’</span> <span class='ocrx_word' id='word_1_380' title='bbox 239 3185 290 3236; x_wconf 90' lang='lat' dir='ltr'>and</span> <span class='ocrx_word' id='word_1_381' title='bbox 307 3186 356 3248; x_wconf 82' lang='lat' dir='ltr'>Ep.</span> <span class='ocrx_word' id='word_1_382' title='bbox 372 3185 406 3234; x_wconf 93' lang='lat' dir='ltr'>vii</span> <span class='ocrx_word' id='word_1_383' title='bbox 421 3195 461 3246; x_wconf 87' lang='lat'>27,</span> <span class='ocrx_word' id='word_1_384' title='bbox 479 3199 516 3246; x_wconf 92' lang='lat'>10,</span> <span class='ocrx_word' id='word_1_385' title='bbox 532 3188 677 3250; x_wconf 89' lang='lat' dir='ltr'>‘postquam</span> <span class='ocrx_word' id='word_1_386' title='bbox 694 3187 736 3236; x_wconf 90' lang='lat' dir='ltr'>de·</span> <span class='ocrx_word' id='word_1_387' title='bbox 788 3187 883 3251; x_wconf 90' lang='lat' dir='ltr'>‘opera</span> <span class='ocrx_word' id='word_1_388' title='bbox 899 3202 950 3235; x_wconf 90' lang='lat' dir='ltr'>non</span> <span class='ocrx_word' id='word_1_389' title='bbox 967 3187 1049 3235; x_wconf 91' lang='lat' dir='ltr'>minus</span> <span class='ocrx_word' id='word_1_390' title='bbox 1066 3187 1211 3236; x_wconf 88' lang='lat' dir='ltr'>aeternitate</span> <span class='ocrx_word' id='word_1_391' title='bbox 1228 3194 1270 3236; x_wconf 88' lang='lat' dir='ltr'>tua</span> <span class='ocrx_word' id='word_1_392' title='bbox 1286 3203 1362 3250; x_wconf 88' lang='lat' dir='ltr'>quam</span> 
     </span>
     <span class='ocr_line' id='line_1_38' title="bbox 159 3249 969 3315; baseline 0.002 -17"><span class='ocrx_word' id='word_1_393' title='bbox 159 3249 228 3299; x_wconf 90' lang='lat' dir='ltr'>flexit</span> <span class='ocrx_word' id='word_1_394' title='bbox 240 3250 266 3299; x_wconf 93' lang='lat' dir='ltr'>in</span> <span class='ocrx_word' id='word_1_395' title='bbox 278 3266 360 3299; x_wconf 90' lang='lat' dir='ltr'>aream</span> <span class='ocrx_word' id='word_1_396' title='bbox 373 3251 481 3300; x_wconf 88' lang='lat' dir='ltr'>domus’</span> <span class='ocrx_word' id='word_1_397' title='bbox 785 3251 865 3315; x_wconf 88' lang='lat' dir='ltr'>gloria</span> <span class='ocrx_word' id='word_1_398' title='bbox 874 3250 969 3315; x_wconf 64' lang='lat' dir='ltr'>digna!</span> 
     </span>
     <span class='ocr_line' id='line_1_39' title="bbox 191 3315 1362 3379; baseline 0.002 -16"><span class='ocrx_word' id='word_1_399' title='bbox 191 3320 301 3364; x_wconf 85' lang='lat' dir='ltr'>exedra</span> <span class='ocrx_word' id='word_1_400' title='bbox 313 3321 344 3366; x_wconf 86' lang='lat' dir='ltr'>et</span> <span class='ocrx_word' id='word_1_401' title='bbox 354 3320 522 3374; x_wconf 82' lang='lat' dir='ltr'>porticibus.</span> <span class='ocrx_word' id='word_1_402' title='bbox 560 3316 616 3365; x_wconf 90' lang='lat' dir='ltr'>The</span> <span class='ocrx_word' id='word_1_403' title='bbox 632 3316 737 3366; x_wconf 89' lang='lat' dir='ltr'>exedrae</span> <span class='ocrx_word' id='word_1_404' title='bbox 818 3318 858 3377; x_wconf 78' lang='lat'>§4</span> <span class='ocrx_word' id='word_1_405' title='bbox 867 3320 1022 3374; x_wconf 82' lang='lat' dir='ltr'>exemplar.</span> <span class='ocrx_word' id='word_1_406' title='bbox 1044 3315 1082 3365; x_wconf 80' lang='lat' dir='ltr'>Cf.</span> <span class='ocrx_word' id='word_1_407' title='bbox 1090 3317 1138 3379; x_wconf 84' lang='lat' dir='ltr'>Ep.</span> <span class='ocrx_word' id='word_1_408' title='bbox 1147 3316 1201 3377; x_wconf 88' lang='lat' dir='ltr'>iv7‚</span> <span class='ocrx_word' id='word_1_409' title='bbox 1212 3329 1233 3374; x_wconf 89' lang='lat'>2,</span> <span class='ocrx_word' id='word_1_410' title='bbox 1244 3317 1362 3365; x_wconf 89' lang='lat' dir='ltr'>‘eundem</span> 
     </span>
     <span class='ocr_line' id='line_1_40' title="bbox 158 3381 1362 3445; baseline 0.002 -17"><span class='ocrx_word' id='word_1_411' title='bbox 158 3395 224 3429; x_wconf 87' lang='lat' dir='ltr'>were</span> <span class='ocrx_word' id='word_1_412' title='bbox 232 3396 316 3430; x_wconf 89' lang='lat' dir='ltr'>rooms</span> <span class='ocrx_word' id='word_1_413' title='bbox 328 3381 365 3430; x_wconf 86' lang='lat' dir='ltr'>for</span> <span class='ocrx_word' id='word_1_414' title='bbox 373 3381 585 3431; x_wconf 75' lang='lat' dir='ltr'>conversationor</span> <span class='ocrx_word' id='word_1_415' title='bbox 596 3382 701 3431; x_wconf 89' lang='lat' dir='ltr'>lectures</span> <span class='ocrx_word' id='word_1_416' title='bbox 710 3398 738 3431; x_wconf 93' lang='lat' dir='ltr'>or</span> <span class='ocrx_word' id='word_1_417' title='bbox 786 3381 898 3443; x_wconf 79' lang='lat' dir='ltr'>(librum)</span> <span class='ocrx_word' id='word_1_418' title='bbox 909 3381 935 3429; x_wconf 92' lang='lat' dir='ltr'>in</span> <span class='ocrx_word' id='word_1_419' title='bbox 947 3381 1097 3445; x_wconf 86' lang='lat' dir='ltr'>exemplaria</span> <span class='ocrx_word' id='word_1_420' title='bbox 1106 3381 1175 3429; x_wconf 91' lang='lat' dir='ltr'>mille</span> <span class='ocrx_word' id='word_1_421' title='bbox 1186 3381 1362 3444; x_wconf 89' lang='lat' dir='ltr'>transcriptum</span> 
     </span>
     <span class='ocr_line' id='line_1_41' title="bbox 159 3445 1361 3511; baseline 0.002 -18"><span class='ocrx_word' id='word_1_422' title='bbox 159 3445 310 3495; x_wconf 90' lang='lat' dir='ltr'>recitations.</span> <span class='ocrx_word' id='word_1_423' title='bbox 347 3447 420 3508; x_wconf 89' lang='lat' dir='ltr'>They</span> <span class='ocrx_word' id='word_1_424' title='bbox 438 3463 502 3496; x_wconf 91' lang='lat' dir='ltr'>were</span> <span class='ocrx_word' id='word_1_425' title='bbox 522 3447 591 3496; x_wconf 84' lang='lat' dir='ltr'>osten</span> <span class='ocrx_word' id='word_1_426' title='bbox 609 3447 692 3495; x_wconf 87' lang='lat' dir='ltr'>added</span> <span class='ocrx_word' id='word_1_427' title='bbox 711 3455 738 3496; x_wconf 89' lang='lat' dir='ltr'>to</span> <span class='ocrx_word' id='word_1_428' title='bbox 785 3463 830 3511; x_wconf 91' lang='lat' dir='ltr'>per</span> <span class='ocrx_word' id='word_1_429' title='bbox 842 3453 921 3496; x_wconf 88' lang='lat' dir='ltr'>totam</span> <span class='ocrx_word' id='word_1_430' title='bbox 934 3447 1034 3495; x_wconf 90' lang='lat' dir='ltr'>Italiam</span> <span class='ocrx_word' id='word_1_431' title='bbox 1045 3445 1235 3510; x_wconf 87' lang='lat' dir='ltr'>provinciasque</span> <span class='ocrx_word' id='word_1_432' title='bbox 1247 3445 1361 3496; x_wconf 59' lang='lat' dir='ltr'>dimisit?</span> 
     </span>
     <span class='ocr_line' id='line_1_42' title="bbox 159 3509 1362 3575; baseline 0.002 -17"><span class='ocrx_word' id='word_1_433' title='bbox 159 3509 254 3574; x_wconf 88' lang='lat' dir='ltr'>private</span> <span class='ocrx_word' id='word_1_434' title='bbox 265 3511 363 3560; x_wconf 90' lang='lat' dir='ltr'>houses.</span> <span class='ocrx_word' id='word_1_435' title='bbox 396 3511 434 3561; x_wconf 85' lang='lat' dir='ltr'>Cf.</span> <span class='ocrx_word' id='word_1_436' title='bbox 446 3512 498 3561; x_wconf 89' lang='lat' dir='ltr'>Cic.</span> <span class='ocrx_word' id='word_1_437' title='bbox 508 3512 537 3560; x_wconf 84' lang='lat' dir='ltr'>de</span> <span class='ocrx_word' id='word_1_438' title='bbox 546 3519 608 3560; x_wconf 81' lang='lat' dir='ltr'>orat.</span> <span class='ocrx_word' id='word_1_439' title='bbox 623 3512 650 3560; x_wconf 93' lang='lat' dir='ltr'>iii</span> <span class='ocrx_word' id='word_1_440' title='bbox 663 3522 685 3575; x_wconf 82' lang='lat'>5,</span> <span class='ocrx_word' id='word_1_441' title='bbox 698 3521 735 3572; x_wconf 90' lang='lat'>17,</span> <span class='ocrx_word' id='word_1_442' title='bbox 818 3515 1017 3569; x_wconf 78' lang='lat' dir='ltr'>inquantum.</span> <span class='ocrx_word' id='word_1_443' title='bbox 1055 3511 1093 3561; x_wconf 73' lang='grc' dir='ltr'>(Σί.</span> <span class='ocrx_word' id='word_1_444' title='bbox 1113 3511 1169 3575; x_wconf 90' lang='lat' dir='ltr'>Juv.</span> <span class='ocrx_word' id='word_1_445' title='bbox 1185 3511 1227 3559; x_wconf 91' lang='lat' dir='ltr'>xiv</span> <span class='ocrx_word' id='word_1_446' title='bbox 1239 3510 1293 3574; x_wconf 87' lang='lat'>318,</span> <span class='ocrx_word' id='word_1_447' title='bbox 1312 3511 1362 3560; x_wconf 92' lang='lat' dir='ltr'>and</span> 
     </span>
     <span class='ocr_line' id='line_1_43' title="bbox 161 3575 974 3641; baseline 0.002 -18"><span class='ocrx_word' id='word_1_448' title='bbox 161 3577 234 3624; x_wconf 91' lang='lat' dir='ltr'>‘cum</span> <span class='ocrx_word' id='word_1_449' title='bbox 253 3575 281 3624; x_wconf 91' lang='lat' dir='ltr'>in</span> <span class='ocrx_word' id='word_1_450' title='bbox 301 3591 356 3624; x_wconf 90' lang='lat' dir='ltr'>eam</span> <span class='ocrx_word' id='word_1_451' title='bbox 374 3577 491 3626; x_wconf 90' lang='lat' dir='ltr'>exedram</span> <span class='ocrx_word' id='word_1_452' title='bbox 512 3577 618 3627; x_wconf 91' lang='lat' dir='ltr'>venisset</span> <span class='ocrx_word' id='word_1_453' title='bbox 640 3577 667 3626; x_wconf 92' lang='lat' dir='ltr'>in</span> <span class='ocrx_word' id='word_1_454' title='bbox 688 3593 738 3641; x_wconf 89' lang='lat' dir='ltr'>qua</span> <span class='ocrx_word' id='word_1_455' title='bbox 786 3576 896 3640; x_wconf 91' lang='lat' dir='ltr'>Mayor&#39;s</span> <span class='ocrx_word' id='word_1_456' title='bbox 907 3584 974 3625; x_wconf 89' lang='lat' dir='ltr'>note.</span> 
     </span>
    </p>
   </div>
   <div class='ocr_carea' id='block_1_5' title="bbox 566 3765 948 3956">
    <p class='ocr_par' dir='ltr' id='par_1_6' title="bbox 566 3765 948 3956">
     <span class='ocr_line' id='line_1_44' title="bbox 598 3765 925 3849; baseline 0 -21"><span class='ocrx_word' id='word_1_457' title='bbox 598 3766 714 3849; x_wconf 78' lang='lat' dir='ltr'>Lxxr</span> <span class='ocrx_word' id='word_1_458' title='bbox 744 3765 925 3848; x_wconf 70' lang='lat' dir='ltr'>[cxxvi]</span> 
     </span>
     <span class='ocr_line' id='line_1_45' title="bbox 566 3904 948 3956; baseline -0.003 -1"><span class='ocrx_word' id='word_1_459' title='bbox 566 3905 757 3956; x_wconf 88' lang='lat' dir='ltr'>TRAIANUS</span> <span class='ocrx_word' id='word_1_460' title='bbox 775 3904 903 3955; x_wconf 92' lang='lat' dir='ltr'>PLINIO</span> <span class='ocrx_word' id='word_1_461' title='bbox 923 3905 948 3954; x_wconf 92' lang='lat' dir='ltr'>S.</span> 
     </span>
    </p>
   </div>
   <div class='ocr_carea' id='block_1_6' title="bbox 159 4016 1361 4199">
    <p class='ocr_par' dir='ltr' id='par_1_7' title="bbox 159 4016 1361 4199">
     <span class='ocr_line' id='line_1_46' title="bbox 237 4016 1361 4104; baseline 0 -25"><span class='ocrx_word' id='word_1_462' title='bbox 237 4016 418 4104; x_wconf 91' lang='lat' dir='ltr'>Possumus</span> <span class='ocrx_word' id='word_1_463' title='bbox 445 4019 534 4101; x_wconf 91' lang='lat' dir='ltr'>apud</span> <span class='ocrx_word' id='word_1_464' title='bbox 563 4019 740 4082; x_wconf 90' lang='lat' dir='ltr'>Prusenses</span> <span class='ocrx_word' id='word_1_465' title='bbox 765 4038 842 4081; x_wconf 91' lang='lat' dir='ltr'>area</span> <span class='ocrx_word' id='word_1_466' title='bbox 870 4018 934 4080; x_wconf 91' lang='lat' dir='ltr'>ista</span> <span class='ocrx_word' id='word_1_467' title='bbox 960 4037 1036 4080; x_wconf 92' lang='lat' dir='ltr'>cum</span> <span class='ocrx_word' id='word_1_468' title='bbox 1064 4017 1167 4080; x_wconf 93' lang='lat' dir='ltr'>domo</span> <span class='ocrx_word' id='word_1_469' title='bbox 1194 4016 1361 4098; x_wconf 89' lang='lat' dir='ltr'>conlapsa,</span> 
     </span>
     <span class='ocr_line' id='line_1_47' title="bbox 159 4111 1360 4199; baseline -0.001 -19"><span class='ocrx_word' id='word_1_470' title='bbox 159 4135 261 4199; x_wconf 91' lang='lat' dir='ltr'>quam</span> <span class='ocrx_word' id='word_1_471' title='bbox 281 4138 398 4182; x_wconf 91' lang='lat' dir='ltr'>vacare</span> <span class='ocrx_word' id='word_1_472' title='bbox 416 4111 539 4196; x_wconf 73' lang='lat' dir='ltr'>scribis</span> <span class='ocrx_word' id='word_1_473' title='bbox 558 4121 600 4184; x_wconf 91' lang='lat' dir='ltr'>ad</span> <span class='ocrx_word' id='word_1_474' title='bbox 619 4119 862 4183; x_wconf 90' lang='lat' dir='ltr'>extructionem</span> <span class='ocrx_word' id='word_1_475' title='bbox 885 4117 1007 4181; x_wconf 91' lang='lat' dir='ltr'>balinei</span> <span class='ocrx_word' id='word_1_476' title='bbox 1031 4117 1088 4181; x_wconf 91' lang='lat' dir='ltr'>uti.</span> <span class='ocrx_word' id='word_1_477' title='bbox 1142 4116 1229 4180; x_wconf 93' lang='lat' dir='ltr'>Illud</span> <span class='ocrx_word' id='word_1_478' title='bbox 1248 4128 1360 4181; x_wconf 91' lang='lat' dir='ltr'>tamen</span> 
     </span>
    </p>
   </div>
   <div class='ocr_carea' id='block_1_7' title="bbox 638 4237 919 4297">
    <p class='ocr_par' dir='ltr' id='par_1_8' title="bbox 638 4237 919 4297">
     <span class='ocr_line' id='line_1_48' title="bbox 638 4237 919 4297; baseline -0.007 -11"><span class='ocrx_word' id='word_1_479' title='bbox 638 4251 653 4286; x_wconf 90' lang='lat'>2</span> <span class='ocrx_word' id='word_1_480' title='bbox 670 4237 763 4287; x_wconf 89' lang='lat' dir='ltr'>balinei</span> <span class='ocrx_word' id='word_1_481' title='bbox 774 4245 810 4297; x_wconf 89' lang='lat' dir='ltr'>ut,</span> <span class='ocrx_word' id='word_1_482' title='bbox 823 4240 919 4286; x_wconf 86' lang='lat' dir='ltr'>Avant.</span> 
     </span>
    </p>
   </div>
   <div class='ocr_carea' id='block_1_8' title="bbox 158 4363 1362 4497">
    <p class='ocr_par' dir='ltr' id='par_1_9' title="bbox 158 4363 1362 4497">
     <span class='ocr_line' id='line_1_49' title="bbox 190 4363 1362 4430; baseline 0.001 -17"><span class='ocrx_word' id='word_1_483' title='bbox 190 4363 274 4414; x_wconf 87' lang='lat' dir='ltr'>There</span> <span class='ocrx_word' id='word_1_484' title='bbox 296 4363 318 4414; x_wconf 92' lang='lat' dir='ltr'>is</span> <span class='ocrx_word' id='word_1_485' title='bbox 340 4381 373 4414; x_wconf 91' lang='lat' dir='ltr'>no</span> <span class='ocrx_word' id='word_1_486' title='bbox 396 4365 523 4430; x_wconf 84' lang='lat' dir='ltr'>objection</span> <span class='ocrx_word' id='word_1_487' title='bbox 544 4373 571 4415; x_wconf 93' lang='lat' dir='ltr'>to</span> <span class='ocrx_word' id='word_1_488' title='bbox 596 4366 668 4430; x_wconf 88' lang='lat' dir='ltr'>using</span> <span class='ocrx_word' id='word_1_489' title='bbox 693 4366 736 4416; x_wconf 91' lang='lat' dir='ltr'>the</span> <span class='ocrx_word' id='word_1_490' title='bbox 786 4365 890 4429; x_wconf 84' lang='lat' dir='ltr'>longing</span> <span class='ocrx_word' id='word_1_491' title='bbox 901 4372 928 4414; x_wconf 91' lang='lat' dir='ltr'>to</span> <span class='ocrx_word' id='word_1_492' title='bbox 939 4364 1051 4414; x_wconf 87' lang='lat' dir='ltr'>itasthe</span> <span class='ocrx_word' id='word_1_493' title='bbox 1068 4365 1114 4415; x_wconf 88' lang='lat' dir='ltr'>site</span> <span class='ocrx_word' id='word_1_494' title='bbox 1130 4365 1168 4414; x_wconf 84' lang='lat' dir='ltr'>for</span> <span class='ocrx_word' id='word_1_495' title='bbox 1180 4365 1223 4415; x_wconf 91' lang='lat' dir='ltr'>the</span> <span class='ocrx_word' id='word_1_496' title='bbox 1234 4380 1290 4415; x_wconf 89' lang='lat' dir='ltr'>new</span> <span class='ocrx_word' id='word_1_497' title='bbox 1300 4365 1362 4414; x_wconf 91' lang='lat' dir='ltr'>bath</span> 
     </span>
     <span class='ocr_line' id='line_1_50' title="bbox 158 4429 1362 4497; baseline 0 -18"><span class='ocrx_word' id='word_1_498' title='bbox 158 4429 344 4485; x_wconf 64' lang='lat' dir='ltr'>ruined‘house</span> <span class='ocrx_word' id='word_1_499' title='bbox 362 4431 424 4480; x_wconf 91' lang='lat' dir='ltr'>with</span> <span class='ocrx_word' id='word_1_500' title='bbox 441 4431 484 4481; x_wconf 91' lang='lat' dir='ltr'>the</span> <span class='ocrx_word' id='word_1_501' title='bbox 501 4439 587 4496; x_wconf 90' lang='lat' dir='ltr'>empty</span> <span class='ocrx_word' id='word_1_502' title='bbox 603 4447 677 4497; x_wconf 85' lang='lat' dir='ltr'>space</span> <span class='ocrx_word' id='word_1_503' title='bbox 693 4432 735 4481; x_wconf 93' lang='lat' dir='ltr'>be·</span> <span class='ocrx_word' id='word_1_504' title='bbox 786 4438 811 4481; x_wconf 93' lang='lat' dir='ltr'>at</span> <span class='ocrx_word' id='word_1_505' title='bbox 824 4431 908 4480; x_wconf 90' lang='lat' dir='ltr'>Prusa.</span> <span class='ocrx_word' id='word_1_506' title='bbox 945 4431 1002 4480; x_wconf 85' lang='lat' dir='ltr'>You</span> <span class='ocrx_word' id='word_1_507' title='bbox 1014 4429 1058 4479; x_wconf 92' lang='lat' dir='ltr'>did</span> <span class='ocrx_word' id='word_1_508' title='bbox 1069 4437 1121 4491; x_wconf 90' lang='lat' dir='ltr'>not,</span> <span class='ocrx_word' id='word_1_509' title='bbox 1133 4430 1259 4492; x_wconf 85' lang='lat' dir='ltr'>however,</span> <span class='ocrx_word' id='word_1_510' title='bbox 1271 4431 1362 4495; x_wconf 84' lang='lat' dir='ltr'>clearly</span> 
     </span>
    </p>
   </div>
   <div class='ocr_carea' id='block_1_9' title="bbox 0 0 1530 5040">
    <p class='ocr_par' dir='ltr' id='par_1_10' title="bbox 0 0 1530 5040">
     <span class='ocr_line' id='line_1_51' title="bbox 0 0 1530 5040; baseline 0 3"><span class='ocrx_word' id='word_1_511' title='bbox 0 0 1530 5040; x_wconf 95' lang='lat' dir='ltr'> </span> 
     </span>
    </p>
   </div>
  </div>
 </body>
</html>
