3052 5040
240 293 296 342 114
592 285 624 344 C.
646 284 781 342 PLINI
803 284 872 342 ET
897 282 1096 342 TRAIANI

240 485 363 548 paucos
381 463 502 527 milites
520 463 643 527 addidi.
676 462 794 530 ''Video
813 470 925 524 tamen
944 459 1126 544 periculum
1141 479 1212 522 esse
1226 480 1268 522 ne
1282 461 1315 523 id
1330 461 1440 543 ipsum

239 567 385 648 utrisque
412 565 641 646 neglegentiae
668 583 768 626 causa
794 563 845 643 sit,
863 562 944 625 dum
971 580 1184 624 communem
1202 560 1334 643 culpam
1353 561 1387 624 hi
1407 561 1440 622 in

239 667 322 744 illos,
340 667 386 729 illi
404 667 438 728 in
456 665 517 728 hos
536 684 684 746 regerere
703 683 801 745 posse
819 661 998 726 confidunt.
1277 649 1282 656 ’

473 795 488 847 3
502 797 623 847 regerere,
635 783 667 833 B.
682 782 737 830 and
747 781 800 831 Cat.
869 796 962 846 regere,
972 783 1068 830 Avant.
1082 780 1137 828 and
1145 780 1204 830 Ald.

718 964 965 1049 xx[xxxu

654 1105 846 1156 TRAIANUS
865 1104 990 1156 PLINIO
1008 1105 1033 1155 S.

319 1219 410 1282 Nihil
446 1240 530 1301 opus
565 1227 624 1296 est,
661 1218 705 1280 mi
743 1217 896 1282 Secunde
932 1217 1108 1304 carissime,
1143 1219 1186 1282 ad
1222 1217 1443 1282 continendas

242 1322 409 1412 custodias
440 1319 550 1402 plures
581 1317 824 1410 commilitones
850 1319 1005 1418 converti.
1067 1319 1315 1396 Perseveremus
1343 1318 1376 1380 in
1404 1339 1444 1382 ea

242 1421 482 1485 consuetudine
509 1440 594 1503 quae
623 1420 675 1483 isti
705 1420 894 1502 provinciae
914 1413 986 1496 est,
1007 1428 1044 1483 ut
1070 1439 1129 1501 per
1155 1418 1305 1503 publicos
1331 1439 1443 1483 servos

242 1523 480 1586 custodiantur.
534 1521 669 1603 Etenim
696 1530 744 1594 ut¹
760 1519 901 1602 fideliter
917 1520 981 1583 hoc
999 1519 1123 1596 faciant
1141 1513 1174 1582 in
1192 1529 1251 1584 tua
1269 1514 1445 1604 severitate

243 1643 281 1686 ac
299 1623 473 1706 diligentia
490 1623 636 1704 positum
655 1631 706 1684 est
773 1613 816 1684 In
835 1621 950 1703 primis
967 1621 1067 1711 enim,
1084 1621 1169 1684 sicut
1187 1612 1311 1705 scribis,
1329 1641 1444 1703 veren-

243 1725 323 1787 dum
352 1733 403 1787 est
438 1744 488 1800 ne,
519 1724 545 1785 si
574 1723 836 1804 permisceantur
869 1722 971 1790 servis
998 1709 1139 1803 publicis
1165 1721 1296 1798 milites,
1329 1731 1446 1785 mutua

244 1825 329 1887 inter
346 1845 381 1888 se
399 1823 519 1887 fiducia
546 1812 810 1904 neglegentiores
837 1822 931 1907 sintlz‘
946 1822 1004 1885 sed
1026 1831 1076 1903 εῖζ
1084 1821 1165 1886 illud
1184 1822 1320 1886 haereat
1339 1822 1444 1900 nobiS,

243 1945 343 2007 quam
362 1910 579 2007 paucissimos
598 1923 718 1986 milites
737 1907 877 2014 a'signis
895 1907 1084 2011 avocandos
1101 1942 1182 1986 esse.

548 2054 558 2089 1
578 2057 641 2105 opus
652 2048 698 2100 est,
715 2041 769 2089 Cat.
841 2056 904 2104 opus
915 2040 955 2099 sit,
969 2041 1001 2090 B.
1016 2041 1071 2089 and
1078 2041 1139 2091 Ald.

1407 1161 1442 1177 ,q

276 2183 359 2232 There
370 2183 391 2232 is
402 2199 436 2232 no
447 2183 520 2242 need,
534 2198 576 2245 my
588 2180 668 2244 Pliny,
680 2188 707 2229 to
718 2181 819 2244 employ
869 2188 896 2230 to
913 2181 955 2229 the
972 2181 1063 2230 soldier
1079 2180 1138 2230 who
1153 2182 1257 2231 boasted
1275 2181 1331 2231 that
1347 2182 1381 2231 he
1397 2181 1447 2230 had

244 2263 313 2296 more
335 2248 439 2298 soldiers
461 2256 488 2296 to
510 2247 588 2312 guard
611 2247 654 2294 the
676 2244 818 2310 prisoners3
869 2244 947 2294 killed
976 2245 1053 2304 Otho,
1086 2247 1246 2306 ‘commilita
1276 2246 1367 2310 inquit,
1392 2246 1447 2310 quis

244 2313 324 2363 better
347 2321 373 2363 to
395 2313 470 2362 abide
499 2312 534 2376 by
553 2313 596 2361 the
618 2319 714 2360 custom
733 2311 761 2360 of
777 2310 820 2359 the
870 2311 965 2361 iussiti’
993 2310 1094 2374 Trajan,
1105 2312 1190 2361 whose
1199 2311 1315 2375 earlylife
1324 2312 1375 2361 had
1384 2312 1448 2362 been

243 2378 362 2441 province
370 2379 420 2427 and
429 2378 522 2428 usethe
530 2377 615 2443 public
623 2377 710 2426 slaves
745 2375 821 2424 Their
869 2383 942 2439 spent
954 2375 980 2424 in
991 2376 1034 2425 the
1045 2392 1127 2440 camp,
1141 2377 1202 2426 took
1219 2376 1327 2440 especial
1338 2377 1411 2440 pains
1422 2385 1449 2426 to

244 2444 338 2508 loyalty
348 2451 414 2493 must
431 2444 463 2493 be
479 2459 542 2507 your
552 2457 615 2491 care.
652 2442 689 2490 As
705 2457 754 2504 you
766 2456 818 2504 say,
870 2441 920 2489 win
938 2440 981 2490 the
998 2441 1142 2491 confidence
1160 2442 1210 2491 and
1228 2441 1346 2491 affection
1363 2442 1393 2491 ol
1409 2441 1448 2490 his

244 2508 433 2573 byemploying
449 2509 520 2567 both,
533 2524 582 2571 you
599 2507 650 2556 will
668 2507 742 2555 make
758 2506 821 2554 both
870 2505 980 2555 soldiers
1018 2507 1066 2556 See
1078 2507 1142 2556 Pliu.
1158 2509 1280 2570 Pancgyr.
1295 2508 1308 2566 ἓ
1323 2519 1363 2570 13,
1377 2508 1448 2557 ‘cum

244 2575 358 2634 careless,
379 2575 431 2623 and
451 2574 463 2622 I
482 2589 523 2621 am
543 2572 701 2637 particularly
717 2571 821 2619 anxious
870 2580 953 2620 tecum
961 2571 1078 2632 inediam,
1090 2580 1173 2621 tecum
1182 2572 1272 2622 ferrent
1284 2572 1352 2622 sitim
1358 2589 1366 2631 ;
1383 2608 1390 2621 .
1412 2607 1418 2622 .
1439 2608 1445 2622 .

245 2640 299 2688 that
321 2640 364 2689 the
387 2638 490 2689 soldiers
512 2637 601 2686 should
623 2645 668 2686 not
690 2637 722 2685 be
740 2635 821 2686 called
870 2652 921 2686 non
949 2636 995 2685 tibi
1017 2637 1093 2687 moris
1115 2645 1158 2686 tua
1180 2637 1242 2686 inire
1264 2637 1378 2696 tentoria,
1402 2637 1449 2686 nisi

245 2721 316 2768 away
327 2704 391 2752 from
403 2703 467 2753 their
478 2703 616 2753 standards.
869 2701 1068 2751 commilitonum
1076 2710 1134 2752 ante
1141 2703 1275 2762 lustrasses,
1283 2717 1330 2751 nec
1337 2702 1449 2767 requiem

278 2773 494 2818 commilitones.
524 2768 651 2832 Augustus
660 2765 686 2814 in
694 2765 733 2815 his
742 2765 822 2815 desire
871 2767 968 2831 corpori
984 2767 1032 2815 nisi
1044 2777 1100 2831 post
1110 2784 1197 2817 omnes
1208 2766 1297 2825 dare’;
1320 2767 1360 2816 ‘in
1378 2783 1448 2831 prae·

245 2842 272 2883 to
288 2843 382 2883 restore
398 2834 506 2898 military
523 2832 654 2896 discipline
670 2846 745 2879 never
760 2832 821 2879 used
870 2831 950 2880 sentia
968 2832 1079 2896 quidem,
1100 2833 1211 2897 quisquis
1233 2831 1309 2896 paulo
1328 2833 1449 2882 vetustior

246 2899 294 2948 this
306 2907 369 2948 term
381 2899 410 2947 of
418 2899 460 2948 the
471 2899 582 2947 soldiers.
620 2896 687 2946 Suet.
699 2898 766 2958 Aug.
779 2906 820 2959 25,
871 2896 953 2956 miles,
985 2897 1026 2946 hic
1060 2905 1085 2947 te
1118 2897 1289 2947 commilitone
1323 2906 1446 2947 censetur.

248 2965 345 3027 ‘neque
357 2971 413 3028 post
425 2963 491 3013 bella
505 2962 588 3012 civilia
598 2969 641 3010 aut
658 2961 684 3009 in
701 2961 822 3010 concione
871 2962 969 3025 Quotus
985 2963 1052 3011 enim
1069 2962 1174 3027 quisque
1191 2963 1260 3012 cuius
1277 2970 1304 3011 tu
1321 2977 1374 3011 non
1391 2972 1449 3012 ante

246 3036 288 3078 aut
305 3044 349 3093 per
368 3028 476 3078 edictum
495 3028 559 3076 ullos
575 3026 683 3074 militurn
700 3025 821 3074 commili-
871 3027 1009 3077 commilito
1028 3043 1103 3091 quam
1118 3027 1281 3093 imperatori’
1302 3027 1355 3077 Dio
1375 3028 1446 3079 Cass.

246 3101 317 3142 tones
339 3093 484 3156 appellabat
506 3093 549 3141 sed
572 3091 682 3140 militesz
705 3107 735 3140 ac
757 3107 789 3140 ne
807 3106 823 3139 a
871 3091 911 3151 68,
925 3105 964 3155 23.

247 3157 303 3206 filiis
321 3157 423 3221 quidem
442 3165 484 3207 aut
502 3156 621 3221 privignis
641 3155 697 3215 suis,
717 3155 822 3220 imperio
903 3161 933 3206 ln
946 3172 982 3207 ea
999 3161 1210 3215 consuetudine
1227 3171 1303 3215 quae
1319 3161 1369 3208 tart
1385 3171 1448 3216 pro·

246 3222 365 3286 praeditis
373 3223 445 3271 aliter
453 3222 573 3287 appellari
583 3237 670 3286 passus
679 3229 727 3270 est:
744 3221 822 3269 ambi·
871 3225 984 3271 vinoloe
1006 3227 1059 3272 est.
1105 3223 1155 3272 For
1178 3223 1227 3272 this
1248 3223 1402 3273 observance
1424 3224 1448 3272 ol

247 3288 333 3336 tiosius
360 3287 387 3336 id
415 3288 558 3337 existimans
586 3301 660 3350 quam
689 3294 731 3334 aut
759 3285 823 3334 ratio
872 3286 936 3336 local
962 3295 1071 3337 customs
1098 3303 1139 3338 see
1166 3289 1217 3352 Ep.
1242 3286 1275 3337 68
1307 3300 1362 3350 109,
1393 3298 1446 3351 115,
1507 3315 1511 3322 ·

248 3352 361 3402 militaris
388 3361 431 3402 aut
459 3362 599 3417 temporum
622 3351 692 3415 quies
713 3359 756 3399 aut
779 3366 823 3400 sua
874 3363 927 3414 113,
942 3350 982 3413 48,
997 3365 1037 3416 93.

247 3419 386 3481 domusque
393 3434 451 3468 suae
458 3419 572 3467 maiestas
579 3414 733 3480 postularet.'
752 3415 824 3465 Alter
904 3421 1009 3466 mutua
1019 3420 1096 3467 tuter
1104 3431 1137 3467 se
1147 3420 1261 3479 fiducia,
1271 3417 1305 3482 by
1312 3416 1374 3467 each
1385 3417 1448 3481 rely·

248 3483 291 3532 the
311 3482 522 3546 Juli0·Claudiau
545 3482 604 3541 line,
632 3481 758 3538 however,
780 3481 823 3530 the
871 3481 960 3547 ingon
971 3482 1014 3531 the
1026 3483 1103 3532 other.

247 3564 374 3663 {piperors
386 3548 622 3663 werp}nlrpchtmore
635 3545 778 3659 dspendent
785 3560 823 3658 pu
873 3551 976 3661 thillud
986 3551 1107 3661 haierelat
1123 3550 1214 3606 nobis,
1227 3547 1261 3597 let
1277 3563 1306 3596 us
1325 3546 1401 3597 abide
1417 3547 1451 3610 by

277 3629 389 3662 earm.
460 3629 475 3662 a
502 3629 517 3662 a
550 3627 649 3661 wrcea
685 3625 763 3659 resses
803 3627 824 3660 rs
902 3627 916 3662 e
944 3628 1019 3661 enera
1040 3629 1099 3663 rue.

248 3679 351 3728 soldiers
367 3629 399 3726 lu
422 3678 471 3727 this
493 3693 548 3741 way
567 3677 646 3738 (Suet.
674 3674 743 3724 Galb.
766 3676 822 3737 20)=
905 3628 995 3735 qtgaam
1006 3681 1199 3736 paucissimos
1211 3679 1450 3736 mffltesastgnls

251 3743 327 3807 ‘quid
352 3743 425 3807 agitis
452 3742 721 3807 commilitonesiego
743 3748 824 3789 vester
873 3746 1047 3792 avocandos.
1084 3743 1124 3794 Cf.
1137 3744 1189 3806 Ep.
1203 3755 1243 3792 22.

248 3825 312 3869 sum,
326 3817 350 3859 et
367 3824 412 3858 vos
429 3808 506 3868 mei';
523 3808 572 3857 and
589 3807 660 3868 (Tac.
677 3805 746 3854 Hisa
761 3805 824 3869 i35)

708 4002 993 4087 xxr[xxxn]

330 4131 382 4194 De
398 4151 529 4194 nurnero
546 4128 691 4192 militum
711 4128 813 4193 Gabia
829 4130 933 4194 Basso
943 4132 1105 4213 praefecto
1121 4130 1370 4214 adsignaturum

534 4268 563 4319 C.
582 4267 730 4318 PLINIUS
748 4268 915 4320 TRAIANO
933 4270 1166 4321 IMPERATORI

327 4382 453 4447 Gabius
480 4381 610 4458 Bassus,
628 4379 813 4462 praelectus
839 4401 917 4445 orae
945 4383 1111 4459 Ponticae,
1132 4391 1166 4446 et
1189 4382 1451 4446 reverentissime
