3052 5040
524 315 861 375 EPISTULARUM
886 317 996 376 CXXI
1298 321 1354 375 rai

159 503 228 558 tete
247 494 439 556 consisteret
457 492 640 574 sciremque
654 493 862 571 terationem
882 493 1005 555 itineris
1024 492 1249 575 probaturum,
1262 495 1355 557 cuius

159 614 259 657 causa
287 603 356 656 erat
385 594 498 675 pietas.
554 594 648 656 Haec
666 593 726 656 tibi
745 594 868 675 scripsi,
885 594 963 675 quia
988 593 1068 656 mihi
1097 614 1213 676 parum
1241 603 1355 677 gratus

159 694 229 757 fore
246 694 390 770 videbar,
408 695 435 756 si
458 693 717 758 dissimulassem
747 695 832 756 inter
859 693 924 756 alia
951 694 1112 758 beneficia
1139 694 1203 758 hoc
1231 701 1354 758 novum

158 815 291 877 quoque
310 815 363 856 me
381 795 501 857 debere
529 794 756 876 indulgentiae
783 803 869 872 tuae,
887 796 975 876 quod
996 795 1116 859 fiducia
1144 796 1213 859 eius
1240 816 1354 877 quam-

158 916 260 978 quem
283 895 470 958 inconsulto
496 904 530 958 te
558 916 624 958 non
643 895 792 959 dubitavi
821 895 928 958 facere
946 897 1044 978 quod,
1062 897 1090 958 si
1107 897 1354 971 consuluissem,

158 996 282 1059 scilicet
299 1016 373 1059 sero
390 996 549 1059 fecissem.

210 1126 221 1162 1
241 1120 274 1173 te,
288 1130 337 1162 orn.
352 1115 448 1163 Avant.
864 1114 976 1177 quemvis
987 1114 1127 1165 inconsulio
1138 1123 1172 1175 te,
1189 1115 1263 1165 Orell.

208 1191 223 1241 3
239 1179 288 1227 hoc
299 1195 349 1227 uno
361 1179 436 1243 quod,
450 1180 545 1228 Avant.
864 1179 953 1240 facere,
967 1196 1016 1230 om.
1031 1182 1126 1230 Aeant.

240 1244 288 1292 hoc
299 1259 375 1292 unum
387 1245 463 1308 quod,
476 1244 535 1293 ΑΜ.
966 1245 1023 1294 add.
1039 1246 1070 1294 B.
1085 1245 1140 1294 and
1147 1245 1207 1295 ΑΜ.

240 1308 510 1373 hocnovumquoque,
526 1309 599 1358 Orcll.
863 1324 938 1373 quem
966 1310 987 1359 si
1019 1311 1194 1360 consuluissem
1225 1310 1260 1360 sic
1290 1326 1354 1370 sero,

240 1374 288 1422 hoc
300 1390 398 1438 quoque
410 1389 457 1434 me,
475 1377 571 1423 Gesner.
895 1376 990 1423 Avant.
1004 1376 1059 1423 and
1070 1376 1124 1426 Cat.

208 1448 223 1502 5
240 1454 289 1502 qua
300 1439 440 1488 inconsulto
452 1447 485 1498 te,
498 1441 592 1488 Avant.
863 1440 938 1503 quod,
951 1440 982 1488 B.

240 1503 310 1567 quasi
322 1504 435 1552 consulto
447 1512 477 1563 te,
493 1505 524 1553 B.
539 1504 593 1551 and
601 1503 660 1552 Ald.
862 1519 936 1567 quae,
950 1505 1013 1554 Keil.

158 1645 268 1710 porticus
287 1653 312 1694 at
333 1646 448 1705 Comum,
468 1661 484 1692 v
503 1657 540 1705 11,
560 1645 589 1693 os
605 1644 687 1693 which
704 1645 736 1694 he
785 1649 844 1693 tiae
854 1649 932 1694 tuae.
969 1645 1092 1693 Aventius
1103 1646 1174 1694 reads
1190 1646 1224 1695 ‘si
1235 1646 1354 1695 dissimul.

159 1727 210 1760 was
229 1710 356 1774 evidently
376 1727 391 1758 a
410 1710 501 1768 native,
519 1709 553 1758 vii
574 1722 612 1772 32,
633 1722 652 1758 1.
691 1710 734 1758 He
785 1709 849 1758 inter
870 1709 920 1758 elie
941 1708 1062 1758 beneficia
1084 1711 1132 1758 hoc
1154 1726 1204 1759 uno
1227 1712 1293 1775 quod
1317 1728 1358 1760 me

159 1791 210 1824 was
221 1777 326 1824 eccused
338 1776 416 1824 under
429 1776 498 1824 Nero
509 1774 538 1823 os
552 1774 695 1839 complicity
707 1775 733 1824 in
783 1774 905 1834 debere3’
933 1776 1069 1824 Beroaldus
1099 1776 1162 1824 ‘hoc
1186 1791 1237 1824 uno
1259 1792 1357 1840 quoque

159 1857 175 1889 a
186 1856 242 1890 case
254 1841 282 1888 of
297 1840 382 1898 incest,
395 1842 439 1890 but
455 1839 568 1903 escaped,
583 1841 642 1889 Tac.
658 1842 729 1889 Ann.
783 1855 823 1888 me
834 1840 926 1888 debere
936 1839 956 1899 ς’
975 1840 1115 1889 Cateneeus
1134 1841 1197 1889 ‘hoc
1208 1857 1285 1889 unum
1297 1857 1357 1905 quo·

159 1906 200 1953 xvi
220 1904 242 1955 8.
280 1906 311 1954 ln
331 1921 362 1954 an
385 1907 456 1954 inscr.
472 1905 548 1954 found
569 1912 594 1955 at
615 1905 731 1964 Comum,
782 1920 831 1968 que
848 1921 888 1952 me
905 1904 989 1963 deb.;’
1008 1905 1103 1954 Gesner
1123 1906 1276 1970 conjectures
1296 1907 1357 1955 ‘hoc

160 1971 189 2020 C.
205 1972 226 2020 1.
242 1970 271 2019 L.
286 1988 302 2018 v
318 1970 391 2033 5267,
406 1973 492 2020 Herm.
508 1970 534 2019 iii
552 1987 576 2035 p.
594 1983 646 2030 114,
662 1971 694 2019 he
711 1970 733 2019 is
783 1985 882 2034 quoque
905 1986 945 2018 me
967 1970 1089 2030 debere3’
1118 1972 1167 2019 end
1188 1971 1267 2019 Orelli
1295 1962 1358 2020 ‘'hoc

159 2035 303 2084 mentioned
324 2052 351 2084 as
379 2035 431 2084 ‘iiii
450 2036 487 2084 vir
509 2036 578 2096 i(uri)
600 2036 732 2096 d(icundo)
783 2051 874 2083 novum
895 2046 994 2098 quoque
1011 2051 1051 2083 me
1067 2035 1146 2095 deb.,'
1164 2036 1246 2084 which
1263 2035 1276 2083 I
1294 2035 1357 2084 heve

159 2100 235 2165 praef.
251 2100 312 2149 sehr.
328 2101 440 2150 tribunus
458 2100 508 2148 mil.
526 2101 573 2164 leg.
589 2101 630 2149 xxi
649 2101 732 2164 Rape·
782 2100 893 2163 adopted
905 2116 932 2148 as
943 2099 1071 2164 involving
1080 2101 1141 2150 least
1150 2101 1283 2166 departure
1294 2101 1357 2149 from

159 2166 212 2214 cis:
230 2166 305 2229 prees⁴
327 2167 421 2214 cohort.
443 2165 476 2213 vii
495 2166 686 2214 Lusitanorum:
708 2173 732 2215 et
783 2165 914 2214 Aventius.

159 2231 288 2279 nationum
301 2230 486 2280 Gaetulicorum
505 2246 622 2293 sexquae
638 2230 732 2279 suntin
815 2243 993 2287 quamquam
1013 2232 1179 2279 inconsulto
1198 2235 1235 2280 te.
1273 2231 1357 2279 Avan-

159 2296 298 2345 Numidia’
328 2296 370 2344 He
382 2296 402 2344 is
414 2311 446 2343 an
458 2295 499 2344 old
511 2311 577 2354 man,
586 2295 620 2343 vii
638 2308 668 2358 23
684 2294 733 2343 and
783 2294 832 2343 tius
860 2294 905 2343 hes
937 2296 999 2357 ‘que
1023 2295 1163 2344 inconsulto
1190 2294 1248 2354 te3’
1277 2296 1359 2345 Aldus

158 2360 202 2409 viii
217 2373 253 2420 10,
266 2374 287 2410 2.
786 2359 871 2423 ‘quasi
883 2360 997 2408 consulto
1008 2359 1052 2408 te!

130 2446 132 2452 ·
191 2431 230 2474 ed
249 2430 369 2474 amitam
388 2439 479 2474 suam.
517 2423 653 2488 Calpurnia
673 2422 732 2472 itis·
816 2438 875 2473 non
884 2428 1012 2473 dubitavi
1025 2427 1127 2472 iecere.
1154 2424 1275 2474 Aventius
1284 2424 1358 2474 omits

158 2491 237 2554 pulla,
256 2507 296 2539 see
316 2491 341 2539 iv
364 2503 385 2549 1,
400 2502 422 2550 7,
437 2490 486 2538 and
505 2506 521 2537 v
544 2503 581 2549 14,
600 2488 623 2539 8.
661 2488 734 2551 Pliny
783 2488 881 2546 facere3
900 2489 1040 2538 Catenaeus
1052 2490 1122 2538 reads
1141 2490 1295 2554 ‘praeripere
1307 2507 1358 2540 non

159 2555 242 2605 writes
254 2564 279 2604 to
291 2556 344 2614 her,
358 2555 382 2602 iv
397 2568 425 2615 19
437 2555 485 2602 and
499 2554 541 2602 viii
555 2566 591 2603 11.
749 2575 751 2578 ·
784 2553 895 2603 dubitavi
904 2553 926 2611 ;'
944 2555 1025 2602 Aldus
1037 2555 1087 2602 first
1100 2554 1187 2603 inserts
1202 2556 1314 2604 ‘fecere’

191 2635 353 2678 excurrere,
369 2620 399 2668 cf.
413 2621 462 2683 Ep.
478 2619 502 2679 8,
516 2633 538 2683 3.
816 2623 896 2676 quod
913 2622 938 2668 si
952 2623 1180 2678 consuluissem
1198 2636 1272 2684 quem
1284 2620 1304 2669 is
1316 2620 1359 2669 the

191 2690 354 2742 sciremque
381 2690 411 2733 te
437 2689 501 2733 reti.
530 2689 591 2733 itin.
616 2688 729 2742 probat.
783 2683 886 2747 reading
914 2684 943 2732 of
967 2684 1097 2742 Aventius,
1129 2683 1277 2744 Catenaeus,
1308 2686 1357 2734 end

160 2750 227 2799 ‘Te’
245 2751 266 2799 is
283 2750 386 2799 omitted
404 2750 429 2797 in
442 2750 573 2809 Aventius,
587 2750 632 2799 but
644 2750 657 2797 1
668 2749 732 2798 heve
782 2749 871 2809 Aldus,
886 2750 931 2797 but
945 2749 958 2797 I
970 2749 1034 2797 have
1048 2749 1163 2798 followed
1181 2750 1224 2798 the
1236 2749 1357 2799 Bodleian

158 2817 269 2865 restored
282 2817 300 2864 it
312 2816 375 2863 from
387 2816 475 2864 Aldus.
741 2824 744 2829 '
783 2829 863 2879 copy:
885 2815 965 2877 ‘quod
976 2813 998 2874 ;’
1016 2814 1075 2863 Keil
1087 2815 1159 2863 reads
1177 2813 1275 2879 ‘quae’

190 2884 216 2930 si
235 2885 487 2930 dissimulassem.
514 2916 521 2930 .
548 2915 555 2930 .
581 2882 731 2936 indulgen·

603 3104 719 3169 cxxi
749 3103 913 3186 [cxxii]

573 3270 763 3336 Turrinus
783 3271 911 3321 arturo
930 3270 956 3320 S.
1051 3351 1053 3356 Ι

235 3414 358 3478 Merito
388 3411 541 3488 habuisti,
573 3411 725 3475 Secunde
756 3409 931 3484 carissime,
962 3409 1117 3491 fiduciam
1149 3410 1251 3474 animi
1283 3412 1355 3487 mei,

160 3536 246 3599 quae
275 3514 461 3579 dubitanda
492 3512 614 3587 fuisset,
641 3513 669 3574 si
700 3520 922 3593 expectasseS,
948 3511 1054 3574 donec
1086 3531 1140 3574 me
1170 3512 1356 3576 consuleres

208 3647 224 3683 2
240 3649 287 3683 nec
298 3633 462 3682 dubitandum
478 3631 551 3679 fuisse
569 3630 589 3679 si
607 3637 732 3694 expectas·
863 3645 910 3679 nec
919 3629 1083 3678 dubitandum
1092 3629 1136 3678 suit
1148 3630 1194 3678 tibi
1206 3631 1285 3679 secere
1294 3647 1358 3695 quae

273 3707 317 3758 set,
332 3701 427 3746 Avant.
897 3711 953 3744 sero
964 3694 1062 3744 fecisses
1074 3694 1102 3755 si,
1116 3702 1176 3754 ete,
1190 3697 1304 3746 Momms.

240 3763 324 3812 fuisset
337 3763 386 3811 end
398 3768 559 3825 expectesses,
569 3760 600 3808 B.
610 3759 666 3808 and
670 3760 729 3809 Αἶά.
841 3773 844 3777 ·

192 3906 248 3955 You
260 3920 324 3952 were
335 3903 408 3967 right,
421 3919 463 3966 my
474 3903 534 3950 deer
546 3901 625 3965 Pliny,
639 3899 666 3948 in
678 3907 732 3964 put·
783 3898 822 3947 cia
832 3897 939 3948 vestri?’
974 3898 1036 3947 Plin.
1051 3899 1100 3962 Ep.
1116 3897 1141 3947 iv
1153 3912 1193 3959 24,
1210 3911 1231 3960 1,
1253 3901 1357 3951 ‘fiducia

158 3970 213 4033 ting
230 3969 373 4019 confidence
393 3968 419 4016 in
439 3984 480 4031 my
493 3966 596 4031 feelings
616 3965 653 4014 for
672 3981 730 4028 you,
782 3963 849 4013 mei'

159 4035 241 4084 which
258 4034 341 4082 would
358 4034 422 4081 have
439 4033 563 4097 appeared
583 4030 697 4080 doubtful
714 4029 736 4078 ii

158 4117 207 4165 you
230 4100 280 4148 had
304 4099 393 4147 waited
416 4107 442 4146 to
465 4097 561 4146 consult
589 4112 629 4144 me
657 4095 733 4144 about
815 4107 892 4150 quae
909 4096 1071 4142 dubitanda
1086 4097 1197 4144 misssi.
1234 4095 1357 4145 Aventius

158 4165 275 4227 assisting
294 4180 355 4227 your
376 4163 452 4212 wife's
470 4163 575 4226 journey
595 4160 655 4210 with
671 4175 734 4224 your
782 4157 828 4206 hes
853 4161 949 4222 ‘neque
971 4158 1134 4207 dubitandum
1158 4159 1251 4219 fuisse,’
1274 4160 1356 4209 which

159 4230 249 4279 official
272 4229 418 4292 diplomata,
442 4245 469 4277 es
492 4228 536 4276 she
564 4242 614 4274 was
642 4225 733 4290 clearly
784 4223 869 4273 makes
881 4239 914 4272 no
922 4239 1002 4282 sense,
1011 4239 1074 4272 even
1085 4224 1106 4272 if
1115 4223 1173 4272 with
1184 4224 1226 4274 the
1236 4225 1357 4275 Bodleian
1430 4285 1432 4288 .

159 4296 244 4344 bound
257 4303 284 4343 to
296 4295 327 4342 be
340 4294 399 4342 with
411 4294 455 4341 her
467 4301 526 4341 eunt
539 4292 642 4340 without
651 4290 731 4354 delay.
783 4304 847 4352 copy
859 4305 897 4337 we
914 4289 973 4336 read
993 4287 1113 4338 ‘fuisset’
1147 4290 1289 4339 Mommsen
1301 4306 1357 4353 sug-

191 4364 328 4409 fiduciam
339 4362 427 4407 enirm
438 4362 501 4407 mei.
534 4356 731 4419 Cf.Verg.Aen.
782 4363 857 4417 gests,
876 4354 926 4402 end
945 4353 1004 4402 Keil
1021 4353 1117 4419 adopts,
1135 4354 1178 4403 the
1195 4355 1315 4403 insertion
1332 4355 1361 4403 of

158 4425 235 4489 it32,
258 4426 388 4473 ‘Tantane
399 4439 444 4472 vos
460 4422 557 4487 generis
573 4420 652 4470 tenuit
670 4419 732 4468 fidu·
782 4419 877 4468 several
897 4418 986 4478 words,
1010 4418 1083 4468 thus:
1110 4421 1171 4469 ‘nec
1192 4419 1358 4469 dubitandum
