3052 5040
481 349 814 410 EPISTULARUM
842 349 979 408 CXIIII
1267 351 1324 403 229

47 594 51 599 ,
127 526 234 590 causis
261 546 280 589 e
305 535 422 589 senatu
449 546 469 588 a
495 525 685 589 censoribus
713 524 882 589 eiciantur.
920 523 1017 601 ,Inde
1044 544 1107 607 me
1125 523 1261 605 quidam
1280 543 1324 586 ex
1352 544 1368 582 2

126 626 317 690 censoribus
351 626 593 703 consulendum
626 633 826 708 putaverunt
853 645 895 688 an
927 626 1031 689 eicere
1061 623 1220 688 deberent
1247 617 1323 687 eum

126 728 182 810 qui
200 736 288 790 esset
313 726 446 790 alterius
465 727 614 790 civitatis.
668 726 753 808 Eg0,
769 726 848 808 quia
874 725 930 789 lex
948 726 1033 789 sicut
1059 724 1200 788 adscribi
1216 725 1323 806 civem
1351 731 1368 787 3

126 829 271 891 alienum
289 828 433 904 vetabat,
451 828 497 891 ita
521 827 580 891 eici
599 847 618 890 e
635 836 752 890 senatu
771 826 815 890 ob
832 826 918 889 hanc
939 846 1074 890 causam
1093 846 1159 889 non
1179 824 1324 903 iubebat,

126 937 296 1011 praeterea
323 929 413 1010 quod
439 927 678 992 adfirmabatur
709 927 789 990 mihi
817 928 850 990 in
882 927 973 990 omni
999 927 1134 990 civitate
1163 925 1323 1008 plurimos

126 1049 199 1092 esse
224 1029 376 1128 buleutas
394 1049 438 1092 ex
464 1028 537 1091 aliis
555 1029 745 1092 civitatibus
771 1029 983 1110 futurumque
1001 1036 1038 1091 ut
1056 1027 1152 1090 multi
1170 1026 1323 1089 homines

127 1130 316 1211 multaeque
350 1130 502 1193 civitates
535 1137 797 1205 concuterentur,
831 1148 870 1191 ea
905 1137 999 1212 parte
1027 1128 1110 1209 legis
1138 1147 1224 1209 quae
1255 1127 1321 1190 iam

126 1230 254 1313 pridem
281 1250 443 1294 consensu
463 1229 620 1312 'quodam
647 1211 856 1306 exolevisset,
881 1229 1102 1292 necessarium
1132 1228 1322 1291 existimavi

36 1374 38 1377 -
125 1330 297 1394 consulere
322 1340 356 1394 te
381 1331 461 1414 quid
489 1332 688 1394 servandum
716 1339 856 1413 putares.
911 1329 1030 1412 Capita
1049 1328 1130 1412 legis
1157 1329 1208 1393 his
1234 1328 1323 1392 litte·

125 1432 168 1494 ris
186 1431 319 1495 subieci.

208 1550 313 1597 raom,
328 1538 423 1586 Avant.
829 1535 1067 1598 8c0ncutereutur;
1106 1552 1137 1586 ea
1165 1552 1222 1601 pars
1250 1536 1321 1600 legis,

237 1603 297 1651 Ald.
319 1602 480 1666 interpolates
498 1601 560 1651 after
577 1601 698 1652 eiciantur
860 1604 956 1650 Avant.

237 1667 302 1717 inter
323 1683 385 1731 quas
407 1667 469 1716 nihil
492 1669 524 1716 de
543 1667 597 1717 cive
614 1667 697 1717 alieno
861 1673 1050 1716 concuterentur
1071 1665 1092 1716 si
1114 1674 1270 1716 revocaretur
1292 1681 1323 1716 ea

238 1740 346 1781 cavetur.
860 1747 918 1796 pars
929 1732 999 1795 legis,
1016 1732 1069 1780 Cat.

206 1809 219 1862 5
237 1806 364 1862 praeterea
375 1797 451 1861 quod,
464 1797 609 1848 Beroaldus.
861 1804 958 1846 concut.
973 1813 1052 1860 eaque
1063 1812 1120 1861 pars
1131 1795 1201 1860 legis,
1214 1796 1273 1847 Ber.

237 1871 364 1926 praeterea
375 1862 473 1926 quibus,
486 1864 582 1912 Avant.
861 1869 958 1911 concut.
974 1877 1003 1910 ea
1014 1869 1084 1926 parte
1096 1861 1168 1925 legis,
1180 1861 1239 1911 Ald.

236 1935 364 1991 praeterea
375 1943 391 1976 a
401 1927 558 1990 quibusdam,
575 1928 628 1977 Cat.
828 1939 845 1988 9
861 1927 1001 1986 consensui,
1014 1929 1110 1976 Avant.

237 2001 364 2056 praeterea
375 1992 433 2056 quia
444 1993 477 2041 ab
488 1992 621 2056 aliquibus,
633 1991 693 2042 ΑΜ.

122 2121 221 2185 depend
233 2136 266 2168 on
282 2120 325 2168 the
335 2119 459 2169 mistaken
476 2119 533 2168 idea
544 2120 598 2169 that
610 2120 629 2170 it
646 2136 696 2169 was
746 2121 858 2169 G'romat.
906 2137 930 2184 p.
959 2120 991 2180 84
1019 2119 1094 2180 (cited
1122 2119 1149 2168 in
1175 2120 1319 2183 Marquadt,

122 2202 191 2235 more
210 2185 342 2234 allowable
361 2194 388 2234 to
410 2184 487 2234 admit
511 2185 611 2234 citizens
633 2185 696 2234 from
745 2186 902 2235 Staatsverw.
917 2185 962 2248 ip.
978 2184 1042 2246 136),
1055 2184 1116 2235 ‘sed
1127 2186 1189 2234 haec
1197 2186 1320 2249 quaedam

121 2252 193 2300 other
213 2250 348 2314 Bithynian
365 2258 445 2298 towns
465 2250 525 2298 than
543 2250 605 2299 from
625 2251 697 2299 other
745 2250 858 2299 coloniae
877 2258 920 2299 aut
942 2249 1063 2299 beneficio
1085 2250 1242 2299 conditorum
1265 2266 1319 2314 per-

121 2315 257 2380 provinces.
295 2315 374 2364 Orelli
385 2315 435 2363 had
447 2316 548 2378 already
559 2331 618 2364 seen
630 2315 697 2364 what
744 2323 871 2379 ceperunt,
890 2323 918 2364 ut
934 2315 957 2363 T
958 2314 1071 2373 adertini,
1090 2322 1133 2364 aut
1150 2323 1236 2378 postea
1253 2316 1319 2378 apud

122 2381 165 2431 the
173 2382 225 2430 real
232 2380 336 2444 reading
345 2396 396 2429 was
404 2380 430 2428 in
438 2380 477 2428 his
486 2380 580 2428 edition
589 2381 618 2429 of
626 2378 696 2442 1838.
745 2380 868 2444 principes
876 2386 988 2444 egerunt,
998 2388 1025 2428 ut
1038 2379 1176 2440 Fanestres,
1187 2388 1214 2429 ut
1223 2380 1320 2430 incolae

154 2460 171 2494 0
192 2450 299 2495 senatu
318 2459 337 2494 a
355 2448 523 2494 censoribus
543 2449 692 2495 eiciantur.
744 2445 819 2494 etiam
845 2445 866 2494 si
892 2452 974 2494 essent
1000 2444 1162 2508 alienigenae,
1186 2445 1229 2508 qui
1255 2445 1320 2495 intra

121 2511 176 2560 The
187 2526 288 2560 reasons
296 2510 334 2558 for
345 2510 474 2572 expulsion
482 2510 544 2563 from
557 2511 600 2559 the
611 2521 696 2560 senate
745 2510 893 2559 territorium
914 2511 1032 2567 colerent,
1050 2509 1167 2559 omnibus
1183 2510 1320 2560 honoribus

120 2591 163 2625 are
173 2576 246 2640 given
257 2576 282 2624 in
294 2575 334 2623 lex
344 2575 390 2623 Iul.
400 2575 493 2623 Munic.
512 2586 625 2637 105-124,
637 2576 695 2639 they
744 2575 813 2638 fungi
836 2575 862 2623 in
884 2575 982 2624 colonia
1005 2573 1141 2624 deberent.'
1183 2575 1217 2624 So
1237 2575 1316 2626 Orell.

122 2657 186 2690 were
203 2641 296 2703 mainly
308 2639 450 2688 conviction
467 2656 500 2688 on
516 2655 566 2702 any
582 2640 695 2689 criminal
745 2650 816 2702 3725,
831 2640 959 2689 ‘adlectus
971 2640 997 2688 in
1008 2639 1101 2689 curiam
1115 2639 1317 2704 Lugdunensium

121 2706 220 2768 charge,
244 2705 347 2768 ‘queive
365 2704 457 2754 iudicio
477 2705 578 2768 publico
598 2707 695 2760 Romae
744 2706 846 2754 nomine
857 2705 978 2755 incolatus
990 2721 1005 2753 a
1018 2704 1220 2768 splendidissimo
1231 2705 1319 2754 ordine

119 2772 299 2820 condemnatus
311 2778 347 2819 est
359 2769 423 2819 erit.
439 2806 445 2819 .
461 2806 467 2818 .
482 2786 563 2833 neque
579 2770 605 2819 in
616 2771 694 2834 integ·
744 2769 848 2828 eorum,’
860 2771 913 2819 also
927 2769 999 2829 2066,
1014 2771 1106 2818 ‘111111
1118 2770 1163 2818 Vir
1177 2778 1201 2819 et
1217 2769 1317 2830 incola,'

120 2852 175 2884 rum
197 2835 324 2885 restitutus
347 2842 384 2884 est
407 2833 471 2884 erit’
510 2835 557 2884 See
580 2836 634 2885 also
656 2837 696 2883 lex
744 2835 919 2898 3709‚‘incola
928 2852 958 2885 ex
966 2836 1017 2883 DD
1027 2834 1138 2895 (decreto
1146 2834 1317 2896 decurionum)

122 2901 172 2950 Col.
196 2902 253 2950 Gen.
280 2917 294 2949 c
319 2910 363 2962 105
386 2900 437 2948 and
455 2899 606 2959 Mommsen,
624 2900 691 2965 Epa.
743 2900 860 2964 municip.
871 2900 990 2964 municipi
1001 2899 1098 2964 pontif!
1126 2901 1162 2948 As
1172 2900 1214 2949 the
1223 2900 1318 2949 decuri-

118 2966 208 3030 Epigr.
223 2966 277 3030 iip.
294 2977 356 3026 1333
373 2966 425 3014 also
437 2965 496 3026 Dig.
511 2976 551 3028 50,
566 2979 590 3024 2,
601 2977 625 3025 2,
637 2965 695 3029 ‘qui
743 2974 832 3014 onatus
849 2966 951 3014 became
968 2982 1068 3015 morea
1085 2965 1181 3014 burden
1201 2966 1251 3014 and
1268 2966 1317 3015 less

77 3081 81 3085 ,
119 3031 152 3079 ad
170 3038 269 3095 tempus
287 3032 410 3094 relegatus
429 3037 474 3088 est,
494 3029 515 3079 si
535 3030 635 3080 decurio
652 3031 692 3090 sit,
720 3047 723 3053 ·
743 3046 775 3079 an
792 3031 895 3089 honour,
916 3046 984 3079 cases
1001 3030 1030 3079 of
1048 3030 1099 3080 this
1114 3031 1176 3079 kind
1194 3032 1317 3096 naturally

33 3143 36 3152 ,
119 3096 215 3146 desinet
227 3112 281 3145 esse
289 3094 408 3154 decurio,'
417 3095 448 3143 ib.
461 3107 484 3153 2,
499 3105 521 3157 5,
536 3095 585 3143 ‘ad
596 3102 694 3160 tempus
742 3096 845 3145 became
857 3112 925 3145 more
936 3096 1057 3160 frequent.

119 3161 206 3210 ordine
234 3167 316 3209 motos
345 3177 375 3208 ex
403 3159 505 3208 crimine
534 3160 602 3223 quod
624 3160 694 3224 igno-
774 3163 817 3223 13.
838 3165 880 3209 tte
891 3164 972 3211 01010
990 3166 1096 3210 senatu
1106 3165 1145 3210 ob
1156 3165 1231 3210 hano
1247 3175 1315 3211 oau-

119 3225 222 3274 miniam
248 3225 366 3289 importat
385 3225 411 3274 in
428 3232 576 3288 perpetuum
598 3224 693 3274 moveri
739 3239 806 3274 sam
815 3241 873 3274 non
881 3230 1008 3286 lubebat,
1018 3226 1124 3274 because
1133 3234 1158 3275 at
1166 3227 1219 3274 that
1228 3226 1315 3290 period

118 3290 326 3366 placuit,¹4810,
348 3302 384 3352 13.
415 3290 471 3338 The
488 3289 582 3338 Aldine
598 3290 693 3340 edition
742 3290 785 3339 the
797 3287 950 3354 practice‘ot
963 3291 1097 3354 admitting
1114 3291 1211 3340 incolae
1228 3302 1254 3341 to
1271 3292 1315 3341 the

119 3357 280 3420 interpolates
300 3355 363 3404 after
385 3354 513 3412 eiciantur,
536 3354 614 3404 ‘inter
630 3371 692 3420 quas
741 3364 827 3404 senate
839 3356 888 3404 had
901 3365 944 3405 not
957 3357 1125 3405 commenced.

118 3421 180 3470 nihil
192 3423 224 3470 de
236 3421 290 3470 cive
301 3421 385 3484 aliquo
394 3417 604 3478 cavetur,’which
616 3419 637 3469 is
648 3428 692 3470 not
772 3426 1005 3470 concuterentur.
1042 3420 1080 3469 Cf.
1104 3420 1165 3469 Plin.
1189 3421 1310 3484 panegyr.

119 3487 242 3550 required.
280 3486 327 3535 See
339 3487 352 3544 ἕ
364 3498 387 3546 3,
403 3485 454 3533 ‘ita
470 3483 517 3532 eici
534 3493 646 3535 esenatu
658 3487 692 3535 ob
740 3483 895 3550 6‘c0nlugit
912 3486 937 3534 in
955 3487 1036 3534 sinum
1053 3495 1122 3535 tuum
1139 3501 1258 3534 concussa
1275 3502 1313 3535 res

119 3551 183 3600 hanc
192 3555 291 3600 causam
303 3567 354 3599 non
365 3547 485 3598 iubebat.'
739 3550 858 3611 publica)
892 3552 951 3600 Tac.
972 3552 1040 3600 Hr'st.
1066 3550 1092 3600 iii
1115 3561 1156 3613 45,
1177 3552 1314 3599 ‘concussa

150 3614 695 3675 §aquiesseta1rertuectvttar1s,te.of
739 3616 986 3678 Transrhenanorum
1015 3615 1082 3674 tide,’
1109 3616 1174 3664 Ann.
1203 3615 1245 3663 xiv
1269 3629 1311 3677 43,

118 3698 203 3731 course
216 3682 245 3731 ot
252 3681 356 3730 another
369 3679 503 3743 Bithynian
514 3688 586 3729 state.
623 3681 690 3730 Such
741 3682 877 3730 ‘concusso
891 3691 990 3730 senatus
1001 3680 1132 3730 consulto!
1167 3679 1221 3729 Liv.
1236 3680 1312 3728 xxviii

118 3763 220 3811 persons
237 3747 271 3809 by
288 3746 331 3794 the
353 3746 393 3794 lex
412 3743 531 3806 Pompeia
553 3745 635 3793 would
658 3747 690 3794 be
738 3760 780 3806 44,
804 3758 842 3804 11,
867 3749 1003 3795 ‘concusso
1021 3745 1071 3793 iam
1091 3751 1116 3793 et
1134 3760 1214 3809 paene
1232 3753 1312 3795 tracto

117 3813 221 3871 incolae,
235 3812 293 3859 who
307 3811 401 3874 though
413 3808 499 3858 bound
516 3816 541 3857 to
553 3810 690 3860 undertake
740 3809 902 3859 Hannibale)

116 3877 159 3927 the
179 3875 281 3925 munera
301 3875 329 3925 of
346 3878 388 3925 the
407 3876 457 3939 city
477 3876 502 3923 in
525 3874 606 3923 which
627 3875 691 3924 their
771 3890 807 3924 ea
825 3881 910 3933 parte
931 3877 1003 3932 tegis
1023 3888 1105 3930 quae.
1142 3874 1205 3923 This
1226 3874 1247 3924 is
1269 3875 1312 3925 the

117 3942 271 3991 domicilium
288 3940 419 4001 was(Cod.
440 3942 502 3989 lust.
526 3952 555 3988 10
566 3939 686 4003 40(39)5)‚
738 3941 842 4004 reading
861 3941 886 3988 01
905 3940 948 3988 the
969 3939 1062 3987 Aldine
1079 3939 1173 3988 edition
1195 3940 1277 3988 which
1298 3941 1311 3989 1

117 4024 182 4056 were
199 4006 293 4068 strictly
310 4014 354 4055 not
372 4006 477 4054 allowed
489 4017 516 4056 to
532 4005 592 4053 hold
604 4021 653 4067 any
665 4005 693 4054 of
737 4005 801 4054 have
813 4006 871 4054 here
882 4005 990 4068 adopted
1002 4005 1026 4052 in
1039 4004 1179 4068 preference
1194 4013 1221 4054 to
1233 4005 1312 4053 Keil¹s

116 4073 159 4121 the
179 4073 300 4120 ‘honores
317 4071 497 4134 municipales‚‘
511 4070 563 4120 Cic.
578 4071 606 4118 de
619 4070 689 4133 offii
740 4072 811 4119 ‘cum
829 4087 859 4119 ea
875 4085 932 4133 pars
949 4069 1010 4132 legis
1026 4069 1193 4132 iampridem,’
1205 4085 1232 4119 as
1249 4069 1311 4120 least

118 4149 158 4198 34,
185 4147 239 4199 125,
267 4136 405 4200 ‘peregrini
431 4145 515 4186 autem
542 4143 566 4184 et
593 4135 689 4184 incolae
737 4135 867 4198 diverging
884 4135 946 4183 from
963 4135 1005 4183 the
1022 4134 1124 4199 reading
1141 4134 1307 4193 ofAvantius,

116 4202 224 4251 officium
237 4209 280 4259 est,
296 4201 358 4250 nihil
371 4209 467 4264 praeter
478 4217 549 4251 suum
561 4200 689 4264 negotium
740 4203 785 4248 ‘ea
810 4216 867 4264 pars
892 4199 953 4263 legis
977 4215 1040 4262 quae
1064 4200 1228 4264 iampridem’
1263 4200 1309 4249 Ca-

92 4283 189 4330 agere
201 4267 262 4316 nihil
272 4267 304 4314 de
315 4267 365 4315 alio
374 4268 526 4330 conquirere,
538 4265 690 4329 minimeque
738 4272 841 4314 tanaeus
874 4264 1034 4328 interpolates
1070 4264 1107 4314 ‘si
1140 4264 1310 4314 revocaretur’

116 4348 169 4381 esse
186 4333 211 4381 in
229 4332 310 4380 aliena
321 4331 448 4395 republica
464 4328 606 4382 curiosum.’
641 4330 690 4378 But
738 4331 822 4379 before
837 4331 883 4378 ‘ea
893 4329 969 4391 pars.'

115 4397 140 4446 in
159 4396 316 4461 exceptional
332 4412 400 4445 cases
421 4398 480 4460 they
499 4411 564 4446 were
584 4395 688 4443 allowed
771 4400 869 4452 capita
889 4398 962 4451 legis
980 4431 987 4444 .
1007 4431 1013 4442 .
1034 4430 1041 4443 .
1061 4398 1178 4454 subiect,
1203 4394 1234 4444 01.
1256 4395 1306 4458 Ep.

116 4463 194 4512 todo
213 4463 270 4512 this.
308 4462 347 4512 Cf.
383 4463 514 4526 Agennius
535 4459 643 4511 Urbicus
662 4459 688 4510 in
738 4459 778 4523 83,
793 4473 834 4522 92,
848 4461 898 4509 and
912 4470 966 4522 107.
