3052 5040
526 222 864 282 EPISTULARUM
885 223 967 281 IIII
1327 231 1363 282 87

162 409 273 462 cetera
299 419 386 480 quae
414 400 447 461 in
476 400 743 481 emancipatione
775 399 932 482 inplenda
959 400 1067 465 solent
1093 402 1184 482 exigi
1211 423 1364 465 consum·

163 500 274 563 mavit.
329 499 414 563 Cum
445 501 488 563 sit
515 520 594 581 ergo
622 498 752 568 finitum
780 501 870 582 quod
902 522 977 583 spes
1009 512 1138 565 nostras
1165 503 1363 579 morabatur,
1390 523 1409 575 4

163 621 229 663 non
255 601 326 663 sine
351 621 474 682 magna
501 599 622 663 fiducia
649 598 809 682 subsigno
833 604 922 683 apud
947 613 981 665 te
1008 589 1108 666 fidem
1134 623 1194 685 pro
1218 584 1363 666 moribus

105 726 108 731 ’
164 701 309 764 Romani
328 702 402 777 mei,
420 722 503 783 quos
522 710 555 764 et
574 700 722 764 liberalia
740 702 851 764 studia
870 712 1035 766 exornant
1053 713 1087 767 et
1105 705 1230 766 eximia
1248 705 1363 786 pictae,
1396 690 1399 697 ¹

74 870 79 879 ,
162 823 229 884 eyia
252 803 336 864 hanc
364 802 471 884 ipsam
499 801 614 863 matris
642 800 874 865 liberalitatem
902 812 935 865 et
962 805 1075 866 statim
1105 805 1207 887 patris
1237 805 1363 868 heredi·

163 911 268 965 tatem
288 911 321 965 et
339 903 555 984 adoptionem
574 902 725 964 avitrico
744 903 871 993 meruit.
916 903 1032 986 Auget
1049 905 1131 967 haec
1150 915 1184 968 et
1203 905 1362 968 natalium
1391 921 1406 982 5

162 1016 196 1066 et
223 1001 658 1095 paternarumlfacultatum
691 994 870 1084 splendor3
907 1005 1028 1085 quibus
1054 1005 1192 1087 singulis
1220 1005 1362 1068 multum

162 1103 463 1166 commendationis
490 1122 698 1165 accessurum
727 1103 827 1166 etiam
850 1125 894 1167 ex
920 1106 1001 1168 meis
1020 1106 1171 1187 precibus
1190 1106 1363 1188 indulgen-

162 1205 229 1267 tiae
257 1213 334 1266 tuae
362 1206 468 1267 credo.
524 1203 623 1286 Rogo
653 1223 742 1284 erg0,
769 1204 914 1282 domine,
941 1215 978 1268 ut
1006 1227 1059 1269 me
1088 1208 1363 1288 exoptatissimae
1390 1208 1407 1264 6

244 1358 258 1409 3
276 1347 395 1410 subsigno
408 1346 475 1411 apud
487 1353 520 1405 te,
535 1344 609 1395 Ald.²

262 1412 401 1490 'subsigno
417 1411 480 1460 Adit
490 1418 525 1470 te,
538 1409 612 1460 Ald.1

192 1619 245 1690 §4
269 1621 410 1679 subsigno
432 1620 511 1674 apud
530 1622 561 1665 te
582 1620 678 1665 iidem.
724 1616 736 1664 I

159 1681 253 1758 pledge
275 1699 317 1747 my
339 1683 405 1746 good
430 1698 504 1730 name
527 1681 587 1731 with
614 1697 680 1745 you3
703 1679 735 1730 cf.

76 1748 79 1755 '
159 1748 210 1811 Ep.
228 1748 255 1796 in
273 1761 293 1806 1,
315 1760 352 1807 12,
374 1748 466 1810 ‘idque
482 1747 532 1796 iam
547 1762 613 1796 nunc
628 1746 696 1810 apud
714 1752 739 1794 te

160 1812 297 1877 subsigno'
329 1813 406 1877 Apud
418 1822 443 1860 te
454 1812 475 1861 is
486 1812 529 1862 the
540 1811 644 1874 reading
654 1810 683 1859 of
695 1810 738 1859 the

158 1878 252 1927 second
265 1876 358 1926 Aldine
374 1877 474 1926 edition.
508 1877 564 1926 The
580 1875 631 1925 first
643 1875 738 1925 edition

160 1942 211 1991 bad
229 1943 297 1992 ‘adit
313 1942 353 1992 te'
366 1943 427 1991 after
445 1959 461 1990 a
480 1942 524 1991 full
544 1951 608 2005 stop.
646 1942 675 1990 B.
693 1940 738 1990 has

159 2008 202 2057 the
210 2008 392 2072 unintelligible
400 2007 504 2070 reading
514 2007 637 2056 ‘Adverte
645 2005 738 2055 fidem'

192 2077 323 2123 liberalia.
347 2077 453 2123 studia.
490 2073 529 2121 Cf.
552 2072 569 2120 ii
590 2085 627 2135 13,
650 2072 665 2120 6
688 2071 738 2120 and

161 2149 184 2200 7,
201 2139 285 2187 where
303 2138 375 2202 Pliny
391 2154 447 2201 says
462 2137 491 2186 of
504 2137 639 2196 Voconius,
656 2136 739 2184 ‘Mira

159 2204 186 2253 in
201 2219 323 2264 sermone,
337 2203 400 2252 mira
411 2203 486 2252 etiam
498 2202 524 2251 in
535 2218 577 2251 ore
592 2203 647 2267 ipso
658 2201 738 2250 vultu-

159 2284 209 2332 que
217 2268 333 2318 suavitas.
360 2269 402 2317 Ad
412 2268 460 2316 hoc
468 2268 595 2332 ingenium
604 2268 737 2326 excelsum,

160 2335 259 2392 subtile,
280 2334 359 2392 dulce,
378 2334 459 2392 facile,
479 2333 602 2382 eruditum
617 2332 643 2381 in
659 2332 739 2381 causis

159 2396 283 2466 agendis!
318 2399 349 2447 In
357 2399 382 2446 vi
392 2410 423 2461 33
432 2398 464 2446 he
476 2399 550 2447 sends
559 2398 610 2446 him
622 2413 637 2446 a
648 2396 739 2462 speech

160 2464 199 2513 for
226 2463 343 2512 criticism
370 2465 420 2511 and
448 2463 563 2512 revision.
611 2463 654 2511 He
682 2478 740 2525 may

160 2528 272 2593 possibly
284 2529 315 2578 be
327 2528 370 2578 the
381 2528 507 2578 Voconius
516 2528 545 2576 of
556 2527 640 2576 whom
651 2527 739 2590 Appu-

160 2593 224 2643 leius
246 2593 360 2658 (Apoli
382 2610 406 2658 p.
429 2602 470 2656 95,
492 2593 531 2642 ed.
558 2593 638 2656 Lugd.
667 2592 739 2652 1604)

160 2660 251 2709 relates
271 2657 366 2707 ‘Divus
389 2659 534 2707 Hadrianus
556 2673 612 2706 cum
632 2657 739 2705 Voconii

160 2724 234 2774 amici
246 2723 284 2774 sui
297 2732 387 2788 poetae
398 2724 520 2772 tumulum
537 2723 648 2771 versibus
665 2738 738 2770 vene-

160 2798 256 2838 raretur
267 2790 303 2839 ita
314 2788 550 2852 scripsit—lascivus
561 2803 642 2845 versu,
656 2794 739 2836 mente

160 2854 267 2919 pudicus
294 2853 376 2912 erat';
402 2854 488 2917 Pauly,
514 2854 580 2902 Real
604 2853 735 2916 Encyclop.

159 2920 210 2970 vol.
222 2919 257 2968 vii
268 2935 293 2984 p.
308 2930 380 2981 2722.

192 2989 295 3034 statim
320 2987 413 3042 patris
435 2986 634 3033 hereditatem.
682 2981 739 3031 The

158 3056 267 3114 greatest
274 3049 371 3099 honour
380 3048 461 3098 which
473 3047 576 3097 asather
585 3047 660 3097 could
669 3047 739 3096 show

158 3123 185 3164 to
196 3131 212 3164 a
222 3131 269 3165 soa
283 3130 335 3164 was
351 3122 378 3163 to
395 3114 469 3162 make
486 3113 538 3162 him
555 3112 594 3162 his
610 3113 663 3161 sole
674 3112 735 3161 heir.

100 3224 102 3229 .
159 3179 199 3230 cf.
230 3179 284 3230 Cic.
304 3187 353 3243 pro
380 3179 468 3240 Quint.
494 3177 527 3238 iv,
566 3179 684 3227 ‘moritur
713 3177 739 3225 in

158 3244 243 3294 Gallia
272 3244 397 3308 Quintius,
418 3279 424 3293 .
445 3280 451 3293 .
471 3251 496 3292 et
522 3243 626 3292 moritur
651 3257 738 3306 repen·

157 3310 212 3360 tino
222 3326 230 3368 3
253 3309 371 3359 heredem
389 3317 539 3359 testamento
555 3308 653 3371 reliquit
672 3309 739 3357 hunc

159 3375 188 3425 P.
200 3374 341 3438 Quintium,
350 3381 385 3433 ut,
396 3375 427 3422 ad
437 3390 512 3438 quem
521 3389 631 3423 summus
641 3388 738 3421 moeror

157 3448 239 3490 morte
255 3455 301 3489 sua
317 3439 441 3499 veniebat,
456 3439 488 3487 ad
505 3439 613 3488 eundem
629 3453 739 3487 summus

157 3503 514 3569 honosquoqueperveniret’
549 3505 738 3566 Testamentary

157 3569 320 3635 dispositions
343 3585 408 3618 were
435 3567 528 3618 looked
555 3584 623 3632 upon
646 3584 673 3616 as
696 3568 739 3617 the

160 3635 292 3699 ‘suprema
300 3633 402 3683 iudicia’
413 3635 442 3682 of
450 3633 628 3683 thedeceased.
667 3634 736 3683 Suet.

158 3702 226 3776 Aug.
257 3700 298 3760 66,
333 3699 484 3748 ‘amicorum
509 3706 593 3748 tamen
623 3714 739 3762 suprema

158 3765 250 3815 iudicia
272 3764 441 3814 morosissime
459 3762 610 3828 pensitavit.'
651 3764 686 3813 So
704 3778 738 3811 on

158 3830 202 3881 the
221 3830 294 3880 other
313 3829 382 3878 hand
402 3829 439 3878 for
458 3845 473 3878 a
491 3845 537 3877 son
555 3837 582 3878 to
598 3828 678 3877 refuse
695 3828 738 3877 the

158 3895 285 3945 hereditas
305 3910 355 3943 was
374 3903 439 3943 most
461 3893 672 3958 dishonourable3
696 3909 738 3943 see

160 3960 212 4010 Cic.
224 3961 292 4010 Phil.
308 3959 326 4008 ii
340 3960 377 4019 16,
392 3960 562 4022 ‘Quamquam
571 3958 619 4008 hoc
631 3959 738 4007 maxime

159 4025 297 4075 admiratus
317 4041 372 4073 sum
392 4024 544 4073 mentionem
568 4031 593 4073 te
615 4024 737 4073 heredita-

159 4098 213 4140 tum
229 4105 317 4140 ausum
330 4105 383 4138 esse
395 4089 483 4148 facere,
498 4105 554 4138 cum
571 4088 625 4154 ipse
641 4088 738 4138 heredi-

158 4162 237 4205 tatem
248 4155 326 4220 patris
337 4170 389 4203 non
400 4153 511 4203 adisses.'

191 4224 380 4278 adoptionem
405 4234 424 4268 a
446 4222 558 4269 vitrico.
595 4219 635 4269 Cf.
656 4217 672 4267 ii
699 4230 736 4281 13,

158 4300 182 4346 4,
211 4285 316 4334 ‘clarior
334 4284 444 4343 vitricus,
469 4284 546 4333 immo
568 4292 638 4347 pater
660 4283 739 4333 aliusz

159 4366 218 4399 nam
230 4350 288 4400 huic
306 4365 406 4414 quoque
423 4349 518 4399 nomini
534 4347 628 4412 pietate
645 4364 739 4398 succes·

840 1348 965 1412 subsigno.
980 1349 1100 1408 Adverte‚
1114 1350 1146 1398 B.

839 1413 966 1477 subsigno.
982 1415 1075 1478 Auget,
1093 1415 1146 1464 cat.

674 1485 688 1539 5
706 1474 800 1539 patriis,
815 1478 873 1525 Ald.

787 1615 837 1665 sit’
871 1618 928 1667 The
944 1619 1036 1668 double
1053 1619 1146 1682 gentile
1163 1635 1236 1668 name
1254 1618 1364 1668 Licinius

787 1681 837 1730 and
857 1682 984 1732 Voconius
1002 1684 1085 1748 points
1106 1692 1131 1733 to
1149 1684 1192 1733 the
1210 1683 1259 1732 fact
1277 1684 1305 1733 of
1321 1685 1364 1732 the

787 1746 914 1812 adoption,
933 1749 975 1797 the
995 1749 1086 1798 former
1106 1749 1181 1813 being
1201 1749 1254 1798 that
1274 1749 1303 1797 of
1321 1749 1364 1798 the

787 1812 905 1876 adoptive
915 1813 1001 1864 father.
1030 1815 1078 1864 See
1088 1815 1239 1874 Mommsen,
1249 1815 1361 1874 Hermes,

787 1876 823 1936 iii,
845 1894 878 1927 on
897 1879 1017 1942 adoption
1039 1879 1090 1928 and
1113 1880 1208 1943 change
1231 1879 1260 1928 of
1278 1895 1364 1930 names

786 1957 879 2006 among
889 1943 932 1992 the
945 1944 1064 1994 Romans.

820 2009 834 2066 ἓ
860 2019 882 2071 5.
913 2013 1063 2068 natalium,
1101 2009 1239 2074 pedigree;
1273 2010 1303 2058 cf.
1338 2008 1365 2058 iii

788 2085 827 2132 20,
851 2073 874 2132 6,
899 2074 974 2122 ‘Non
997 2090 1133 2138 numquam
1153 2075 1300 2124 candidatus
1322 2082 1364 2123 aut

787 2138 882 2186 natales
894 2139 1063 2203 competitoris
1079 2148 1121 2188 aut
1139 2155 1217 2189 annos
1234 2148 1275 2188 aut
1290 2139 1365 2188 etiam

787 2218 869 2252 mores
885 2205 1034 2267 arguebat’3
1051 2205 1100 2253 and
1113 2205 1137 2252 vi
1149 2218 1189 2268 23,
1204 2217 1227 2267 3,
1243 2205 1333 2267 ‘Quod
1345 2205 1365 2253 si

788 2267 835 2326 cui,
861 2277 986 2332 praestare
1015 2270 1110 2319 Rusoni
1132 2286 1189 2319 meo
1211 2269 1300 2328 debeo,
1326 2269 1365 2317 vel

788 2342 889 2408 propter
904 2335 999 2384 natales
1014 2335 1097 2398 ipsius,
1112 2336 1152 2383 vel
1169 2343 1271 2399 propter
1287 2333 1363 2382 exim-

788 2414 838 2446 iam
855 2399 905 2447 mei
921 2400 1085 2458 caritatem';
1103 2400 1153 2448 and
1168 2400 1226 2463 Juv.
1246 2399 1288 2447 viii
1305 2411 1361 2461 231,

791 2463 883 2526 ‘Quid
916 2464 1038 2523 Catalina,
1064 2464 1112 2513 tuis
1137 2463 1262 2512 natalibus
1289 2472 1364 2527 atque

789 2527 895 2592 Cethegi
920 2529 1033 2578 Inveniet
1053 2529 1184 2592 quisquam
1206 2528 1364 2577 sublimiusi'

789 2592 829 2642 Cf.
843 2595 897 2643 also
909 2594 981 2658 infra
997 2595 1046 2657 Ep.
1065 2607 1093 2642 12
1105 2595 1154 2642 and
1167 2604 1205 2655 72.
1239 2593 1364 2642 Professor

790 2658 880 2722 Mayor
892 2659 945 2707 also
957 2659 1016 2708 cites
1028 2660 1088 2707 Tac.
1102 2660 1171 2707 Hist.
1187 2658 1212 2706 iv
1226 2669 1254 2721 15
1265 2675 1272 2716 3
1289 2661 1360 2707 Ann.

789 2723 814 2771 xi
833 2736 872 2773 21.
910 2723 1017 2787 Though
1036 2725 1078 2772 the
1095 2723 1175 2772 father
1192 2723 1221 2773 of
1236 2723 1364 2772 Voconius

788 2804 839 2837 was
856 2789 915 2852 only
927 2789 956 2836 of
969 2788 1110 2852 equestrian
1120 2788 1193 2847 rank,
1207 2788 1250 2836 the
1261 2788 1363 2852 import-

787 2869 849 2902 ance
866 2854 895 2902 of
912 2853 954 2902 the
973 2853 1058 2916 family
1072 2853 1097 2902 in
1116 2853 1241 2918 Hispania
1258 2853 1364 2902 Citerior

788 2918 809 2967 is
829 2918 965 2967 evidenced
988 2918 1021 2982 by
1041 2918 1084 2968 the
1102 2927 1152 2966 two
1171 2919 1308 2982 Saguntiae
1326 2918 1363 2967 in·

787 2983 871 3058 scrip,
897 2984 948 3032 and
970 2984 1023 3032 also
1049 2983 1082 3047 by
1108 2982 1201 3048 Pliny’s
1229 2985 1310 3033 words
1337 2983 1364 3032 in

787 3064 805 3096 u
819 3060 857 3110 13,
871 3063 894 3109 4.

820 3119 1009 3170 paternarum
1025 3116 1200 3162 facultatum
1217 3117 1361 3170 splendor.

788 3177 836 3228 See
847 3187 932 3243 supra.

820 3247 1057 3302 exoptatissimae
1069 3247 1139 3292 mihi
1151 3246 1362 3300 gratulationis.

790 3309 829 3357 ‘A
844 3310 888 3373 joy
908 3309 990 3358 which
1013 3310 1025 3357 I
1047 3324 1075 3357 so
1095 3308 1255 3371 exceedingly
1273 3308 1363 3357 covet.’

788 3373 827 3424 Cf.
848 3375 901 3424 Cic.
917 3382 964 3438 pro
981 3374 1052 3422 Mur.
1077 3383 1101 3436 5,
1125 3373 1180 3422 ‘hic
1202 3373 1299 3436 parenti
1319 3389 1364 3422 suo

814 3476 820 3489 .
842 3476 847 3488 .
868 3439 956 3488 solatio
973 3439 999 3488 in
1017 3438 1151 3498 laboribus,
1163 3437 1323 3502 gratulationi
1338 3437 1364 3486 in

787 3505 890 3554 victoria
901 3503 963 3553 fuit!

819 3570 866 3629 §6
887 3572 1026 3629 honestis,
1040 3573 1076 3617 ut
1092 3581 1185 3625 spero,
1200 3570 1362 3616 adfectibus

786 3638 868 3693 mels,
887 3641 913 3683 to
930 3634 996 3684 what
1010 3635 1022 3682 I
1040 3634 1106 3698 hope
1122 3633 1143 3681 is
1160 3648 1192 3680 an
1209 3632 1363 3680 honourable

787 3700 911 3749 affection.
954 3700 1004 3748 For
1024 3700 1067 3748 the
1085 3697 1165 3762 plural
1183 3698 1244 3746 used
1264 3697 1290 3745 in
1313 3696 1363 3745 this

786 3780 865 3825 sense,
891 3764 921 3814 cf.
942 3764 999 3828 Juv.
1026 3764 1060 3812 xii
1088 3777 1125 3822 10,
1153 3763 1197 3812 ‘Si
1216 3777 1255 3810 res
1279 3762 1364 3837 ampla

786 3829 855 3879 domi
863 3828 997 3892 similisque
1005 3828 1142 3877 adfectibus
1149 3826 1231 3886 esset,'
1239 3843 1272 3875 on
1281 3827 1363 3875 which

786 3911 890 3960 passage
909 3894 1033 3942 Professor
1052 3894 1142 3955 Mayor
1159 3892 1219 3941 cites
1231 3892 1295 3940 Plin.
1309 3893 1359 3956 Ep.

787 3961 805 4010 ii
820 3974 841 4019 1,
856 3959 879 4018 8,
896 3958 952 4007 ‘ille
964 3958 1025 4006 mihi
1039 3965 1105 4006 tutor
1122 3957 1221 4006 relictus
1238 3957 1362 4005 adfectum

788 4024 898 4090 parentis
914 4022 1025 4072 exhibuit
1036 4021 1055 4081 ’ς
1073 4022 1098 4070 ἰν
1118 4034 1154 4083 19,
1177 4035 1207 4080 13
1224 4022 1267 4070 viii
1282 4034 1318 4081 11,
1336 4035 1363 4080 13

789 4091 838 4139 and
848 4090 872 4138 ix
887 4101 924 4151 13,
938 4088 981 4145 163
999 4096 1025 4136 to
1033 4087 1114 4136 which
1126 4087 1175 4135 add
1188 4088 1310 4149 Pancgyr.
1322 4096 1362 4148 79,

791 4153 990 4218 ‘temptabitque
1007 4153 1118 4202 adfectus
1132 4158 1236 4212 nostros,
1250 4159 1278 4200 ut
1289 4153 1361 4212 solet,

790 4220 914 4277 cohibere,
941 4233 988 4266 nec
1014 4216 1124 4281 poterit‚’
1148 4217 1230 4265 where
1256 4216 1268 4264 I
1291 4217 1364 4266 think

791 4285 873 4334 Lewis
884 4284 934 4332 and
950 4283 1025 4333 Short
1037 4298 1078 4330 are
1089 4297 1174 4346 wrong
1185 4281 1211 4330 in
1223 4282 1365 4347 explaining

791 4351 810 4400 it
822 4366 849 4399 as
863 4351 926 4398 ‘low
937 4364 965 4396 or
976 4347 1077 4412 ignoble
1088 4346 1207 4411 passion'
