3052 5040
531 308 869 369 EPISTULARUM
888 309 984 368 XCV
1294 316 1351 367 209

158 498 363 571 promeretur
384 495 418 549 et
440 507 556 568 parum
575 485 656 548 felix
675 486 1098 570 matrimoniumexpertus
1117 495 1167 550 est
1185 487 1351 568 inpetran-

156 589 304 671 dumque
322 609 341 649 a
360 586 508 651 bonitate
528 596 585 650 tua
603 606 661 669 per
688 607 749 648 nos
767 585 868 650 habet
893 588 983 668 quod
1002 587 1047 649 illi
1067 587 1217 650 fortunae
1236 588 1351 669 malig-

157 691 244 752 nitas
263 690 447 769 denegavit
502 687 587 764 Scio,
605 687 747 760 domine,
759 695 919 768 quantum
939 687 1134 752 beneficium
1153 698 1273 770 petam,
1292 690 1349 753 sed
1378 709 1395 764 3

158 798 235 871 peto
262 810 282 852 a
308 799 349 865 te,
368 790 459 851 cuius
486 788 519 851 in
546 786 699 850 omnibus
718 788 888 851 desideriis
919 789 1001 850 meis
1030 787 1269 869 indulgentiam
1292 809 1351 854 ex·
1383 848 1386 854 .

158 891 272 972 perior.
326 890 424 952 Potes
446 890 534 951 enim
560 888 722 970 colligere,
740 897 866 969 quanto
884 909 982 970 opere
1008 889 1149 971 cupiam,
1167 890 1256 971 quod
1284 910 1350 955 non

158 1001 308 1073 rogarem
326 990 453 1066 absens,
471 990 498 1051 si
517 989 725 1055 mediocriter
743 1009 904 1070 cuperem.

169 1106 170 1110 ’
534 1111 551 1158 4
567 1096 735 1162 plenissimam
747 1097 933 1161 indulgentiam,
945 1097 1004 1146 Ald.

159 1231 295 1294 Pegasiano
306 1230 409 1293 perinde
421 1229 480 1278 fidei
490 1228 622 1278 commissa
633 1244 732 1292 quoque
780 1227 818 1278 Cf.
835 1228 891 1278 Sen.
907 1228 969 1277 Bcn.
984 1227 1018 1276 vii
1035 1240 1058 1290 3,
1077 1228 1150 1277 ‘Non
1161 1228 1238 1278 habet
1254 1229 1352 1294 sapiens

158 1311 188 1344 ac
200 1297 281 1359 legata
292 1295 491 1358 hereditatesque
508 1310 596 1359 capere
613 1293 731 1358 prohibiti
780 1293 916 1342 mittendos
935 1301 1003 1342 trans
1023 1293 1101 1342 maria
1121 1294 1224 1357 legatos,
1238 1310 1284 1345 nec
1302 1311 1352 1344 me·

158 1369 224 1419 sunt,
238 1376 316 1424 eaque
327 1360 445 1408 translata
457 1367 513 1407 sunt
525 1360 556 1408 ad
566 1375 608 1408 eos
617 1359 659 1422 qui
668 1359 693 1406 in
702 1375 732 1407 eo
780 1359 857 1407 tanda
864 1358 889 1407 in
899 1358 958 1421 ripis
968 1357 1098 1408 hostilibus
1107 1358 1205 1420 castra,’
1214 1367 1275 1423 etc,
1292 1360 1349 1410 Ter.

158 1435 307 1475 testamento
324 1425 415 1473 liberos
434 1424 535 1483 habent,
549 1432 600 1482 aut,
614 1425 633 1472 si
650 1423 732 1472 nullus
781 1424 856 1472 Phor.
879 1424 933 1487 364,
955 1423 1011 1472 ‘Ibi
1028 1439 1116 1484 agrum
1133 1423 1166 1473 de
1180 1435 1265 1473 nostro
1284 1433 1353 1488 patre

159 1492 249 1539 liberos
260 1490 370 1547 habebit,
386 1491 417 1537 ad
435 1487 571 1553 populum'
578 1506 585 1546 ;
601 1489 655 1537 also
671 1489 731 1537 Tac.
780 1488 912 1538 colendum
935 1487 1075 1547 habebat’3
1099 1488 1162 1538 Plin.
1183 1490 1231 1552 Ep.
1255 1488 1263 1538 i
1286 1500 1308 1551 7,
1327 1490 1353 1549 6,

158 1557 228 1604 Ann.
256 1555 282 1603 iii
306 1554 345 1612 28,
370 1555 460 1603 ‘inditi
486 1554 600 1603 custodes
625 1560 650 1602 et
678 1553 733 1616 lege
784 1553 924 1618 ‘accepisse
951 1570 991 1602 me
1019 1553 1126 1618 optimas
1154 1562 1265 1605 careotas
1290 1570 1354 1618 quae

160 1620 237 1684 Papia
254 1621 371 1683 Poppaea
389 1619 503 1683 praemiis
522 1618 616 1668 inducti
633 1626 667 1677 ut,
682 1619 733 1666 sia
781 1633 847 1667 nunc
876 1634 932 1667 cum
961 1618 1012 1667 ficis
1040 1627 1065 1668 et
1094 1618 1182 1668 boletis
1209 1620 1355 1669 certandum

159 1685 292 1748 privilegiis
323 1694 454 1748 parentum
489 1693 632 1742 cessaretur,
666 1683 732 1732 velut
781 1682 889 1733 habent'
896 1701 903 1743 ;
921 1682 967 1742 i8,
984 1695 1020 1743 12,
1037 1684 1198 1747 ‘praesertim
1214 1700 1291 1748 quum
1302 1685 1354 1734 eni·

159 1766 248 1814 parens
257 1749 367 1797 omnium
380 1749 486 1813 populus
497 1749 611 1798 vacantia
620 1747 733 1797 teneret.'
782 1748 884 1797 tendum
907 1747 1091 1806 haberemus'3
1116 1749 1159 1797 viii
1184 1760 1221 1810 13,
1246 1763 1270 1808 2,
1297 1749 1355 1814 ‘qui

158 1815 214 1863 The
233 1814 284 1862 first
304 1815 397 1863 motive
416 1815 446 1863 of
462 1814 595 1864 Suetonius
612 1813 734 1862 therefore
783 1813 889 1877 (lenique
922 1829 978 1862 cum
1016 1813 1173 1878 potissimum
1206 1814 1353 1864 imitandum

159 1878 327 1928 wasadesire
336 1878 461 1929 tobenefit
470 1879 496 1927 in
509 1879 552 1927 full
564 1879 597 1942 by
606 1879 648 1927 the
660 1888 733 1927 testa·
782 1876 891 1936 habes¹;
915 1880 1035 1940 Panegyr.
1062 1889 1098 1941 15,
1122 1880 1183 1928 ‘nec
1199 1879 1292 1929 habent
1311 1881 1355 1928 ad-

160 1944 280 1993 mentsof
293 1945 331 1992 his
345 1944 444 1992 friends.
482 1945 560 2008 Being
574 1943 690 1992 childless
701 1944 733 1991 he
783 1943 936 1992 numeranda
955 1943 1000 1992 tibi
1019 1959 1064 2007 pro
1084 1944 1211 2008 republica
1227 1945 1355 2006 vulnera’3

159 2010 243 2058 would
255 2008 306 2057 lose
318 2025 366 2057 one
377 2009 433 2057 half
446 2010 475 2057 of
488 2009 554 2057 what
569 2008 658 2057 should
671 2008 734 2056 have
782 2010 842 2058 Tac.
863 2010 927 2057 Ann
945 2008 970 2056 iv
989 2021 1030 2069 40,
1052 2011 1140 2073 ‘posse
1156 2009 1239 2072 ipsum
1258 2010 1355 2059 Liviam

159 2091 230 2124 come
253 2082 279 2122 to
302 2074 361 2123 him.
403 2074 442 2124 Cf.
467 2075 523 2138 Juv.
547 2074 571 2122 ix
594 2073 634 2135 87,
656 2073 734 2121 ‘Iura
782 2083 898 2131 statuere,
917 2073 1061 2122 nubendum
1079 2082 1135 2137 post
1153 2075 1262 2134 Drusum
1278 2092 1309 2123 an
1330 2075 1356 2124 in

177 2139 268 2188 arentis
296 2139 391 2197 habes;
425 2148 526 2204 propter
554 2154 594 2188 me
621 2138 734 2187 scriberis
783 2138 914 2202 penatibus
934 2139 1013 2187 isdem
1042 2139 1197 2188 tolerandum
1225 2139 1356 2199 haberet’3

159 2156 249 2262 heres3
270 2205 392 2266 Legatum
412 2220 486 2253 omne
505 2204 573 2266 capis
595 2219 692 2253 necnon
709 2212 734 2251 et
783 2204 823 2251 xiv
845 2217 885 2264 44,
913 2203 947 2252 ‘si
969 2219 1035 2252 nunc
1063 2203 1170 2268 primum
1198 2205 1356 2254 statuendum
1384 2235 1386 2239 -

159 2270 232 2318 dulce
243 2269 382 2318 caducum’
417 2270 466 2319 On,
476 2268 617 2318 iudiciasee
628 2277 687 2316 note
701 2283 734 2316 on
783 2268 956 2326 haberemus’3
973 2269 1041 2317 Hist.
1056 2269 1064 2316 i
1079 2279 1116 2332 15,
1134 2269 1179 2317 ‘ea
1196 2269 1247 2317 vita
1264 2269 1289 2318 in
1307 2285 1357 2334 qua

160 2335 208 2398 Ep.
221 2348 245 2394 4,
259 2333 282 2383 6.
784 2333 845 2382 nihil
860 2333 1028 2382 excusandum
1045 2332 1166 2391 habeas';
1183 2333 1207 2382 iv
1219 2345 1267 2395 773
1286 2336 1353 2384 Suet.
1431 2389 1433 2394 ,

192 2413 297 2457 parum
313 2402 383 2447 felix
397 2402 623 2458 matrimonium,
640 2413 672 2446 an
689 2412 734 2445 un·
787 2400 853 2447 Caes.
880 2397 920 2461 68,
949 2400 990 2447 ‘ut
1015 2398 1180 2448 consolandos
1209 2414 1251 2448 eos
1277 2399 1357 2464 magis

159 2463 253 2513 fruitful
267 2464 395 2525 marriage.
784 2464 918 2526 imperator
929 2479 1005 2527 quam
1016 2463 1156 2527 puniendos
1167 2463 1300 2515 habuerit.'

192 2533 504 2586 impetrandumque..
520 2532 637 2577 .habet.
666 2528 735 2578 ‘The
816 2531 829 2588 ξ
850 2541 871 2590 3.
892 2533 922 2577 in
944 2532 1078 2578 omnibus
1101 2532 1251 2578 desideriis
1273 2534 1354 2580 meis.

160 2595 296 2658 gerundive
316 2595 336 2642 is
359 2595 419 2642 used
440 2610 467 2642 as
489 2593 591 2657 ‹blique
609 2592 735 2657 predicate
785 2593 823 2642 Cf.
842 2594 891 2656 Ep.
910 2606 949 2653 24,
974 2594 1116 2657 ‘possumus
1133 2593 1256 2643 desiderio
1271 2610 1356 2644 eorum

160 2668 187 2709 to
198 2660 241 2708 the
258 2659 335 2707 direct
353 2659 481 2724 objectos
495 2659 590 2707 certain
608 2658 735 2707 transitive
785 2658 931 2722 indulgere.’

159 2725 233 2773 verbs
245 2732 270 2772 to
282 2740 381 2787 express
393 2740 424 2772 au
436 2724 519 2772 action
531 2724 655 2787 purposed
668 2732 694 2772 to
703 2725 735 2771 be
817 2729 901 2773 cuius
917 2727 1129 2781 indulgentiam
1140 2727 1279 2782 experior.
1316 2724 1355 2778 Ci.

160 2791 227 2838 done
249 2805 283 2838 on
305 2790 366 2838 such
392 2788 494 2852 object,’
518 2789 599 2851 Roby,
624 2790 637 2848 5
663 2801 731 2849 1401.
784 2792 834 2853 Ep.
847 2803 873 2850 4,
889 2802 909 2839 1.
1109 2803 1110 2806 ’

625 3013 723 3078 xcv
752 3012 897 3096 [xcvi]

572 3177 762 3227 TRAIANUS
781 3176 908 3226 PLINIO
927 3176 951 3227 S.

224 3307 349 3396 ¹Quam
377 3336 474 3398 parce
502 3315 583 3378 haec
614 3313 773 3377 beneficia
803 3312 946 3378 tribuam
977 3313 1099 3395 utique,
1127 3313 1172 3376 mi
1205 3313 1358 3379 Secunde

162 3416 336 3492 carissime,
355 3417 468 3480 haeret
498 3405 566 3489 tibi,
597 3435 672 3477 cum
700 3416 800 3478 etiam
832 3415 864 3477 in
892 3424 1008 3477 senatu
1033 3413 1207 3477 adfirmare
1233 3415 1357 3478 soleam

162 3536 229 3579 non
248 3518 429 3580 excessisse
448 3538 501 3580 me
519 3535 691 3579 numerum
719 3536 817 3597 quem
840 3516 928 3596 apud
948 3515 1188 3596 amplissimum
1207 3516 1356 3578 ordinem

193 3635 250 3684 You
272 3644 364 3685 cannot
386 3635 430 3685 fail
453 3644 480 3685 to
501 3636 585 3694 know,
610 3650 652 3697 my
674 3634 734 3682 dear
784 3649 844 3697 pum
860 3648 911 3681 non
928 3640 1022 3681 temere
1040 3633 1101 3681 dare
1120 3631 1257 3695 proposui!
1291 3633 1355 3684 Plin.

162 3700 241 3764 Pliny,
274 3701 331 3749 how
359 3701 485 3765 sparingly
513 3701 525 3749 Ῑ
558 3708 630 3763 grant
664 3699 734 3748 these
783 3700 832 3762 Ep.
853 3698 870 3746 ii
890 3710 927 3760 13,
950 3697 974 3756 8,
996 3697 1084 3747 ‘trium
1105 3698 1237 3747 liberorum
1256 3697 1293 3747 ius
1312 3698 1358 3746 im-

160 3765 267 3826 favours,
281 3766 348 3815 since
361 3767 373 3814 I
386 3767 453 3815 often
468 3765 547 3815 affirm
558 3765 584 3813 in
596 3765 638 3813 the
649 3772 734 3813 senate
785 3762 887 3827 petravi,
907 3763 974 3827 quod
994 3777 1145 3826 quamquam
1166 3778 1239 3827 parce
1259 3771 1284 3813 et
1301 3779 1357 3813 cum

161 3830 215 3880 that
239 3831 251 3879 I
276 3833 337 3880 have
358 3842 401 3880 not
423 3832 547 3880 exceeded
569 3829 611 3879 the
629 3830 734 3878 number
784 3826 1038 3887 delectudaret,’etc.

152 3895 242 3944 'which
256 3896 380 3945 lassured
390 3896 442 3946 that
455 3895 589 3945 illustrious
600 3895 672 3943 order
681 3893 734 3942 that
816 3906 971 3941 numerum
987 3906 1075 3950 quem
1092 3929 1098 3943 .
1119 3929 1125 3942 .
1142 3929 1148 3941 .
1166 3895 1358 3943 suffecturum

163 3960 278 4009 Iwould
301 3961 332 4009 be
355 3961 488 4010 contented
507 3961 575 4025 with,
624 3959 731 4018 Ihave,
784 3961 854 4007 mihi
864 3962 1014 4016 professus
1028 3972 1102 4007 eum.
1128 3957 1358 4008 Whateverefiects

161 4025 285 4085 however,
299 4027 402 4089 granted
420 4042 480 4089 your
492 4033 597 4090 requesi,
610 4025 659 4073 and
671 4024 734 4072 have
785 4023 827 4072 the
849 4024 888 4071 lex
914 4023 989 4087 Papia
1006 4024 1123 4087 Poppaea
1143 4023 1222 4086 might
1245 4023 1357 4072 conceiv-

161 4090 267 4139 ordered
279 4091 320 4139 the
331 4102 404 4154 grant
419 4092 446 4139 of
462 4091 504 4140 the
522 4092 559 4139 ius
576 4090 649 4139 frium
661 4089 734 4137 liber·
784 4089 842 4151 ably
875 4088 939 4136 have
969 4087 1018 4136 had
1052 4088 1159 4136 towards
1192 4087 1358 4151 encouraging

161 4170 232 4204 orum
245 4164 270 4204 to
281 4158 414 4205 Suetonius
423 4171 455 4204 on
465 4156 507 4205 the
515 4156 585 4204 usual
595 4154 734 4204 conditions
785 4152 905 4216 marriage
927 4153 976 4201 and
999 4153 1042 4201 the
1064 4153 1160 4216 rearing
1182 4152 1211 4200 of
1235 4152 1355 4214 children,

161 4227 188 4268 to
199 4221 231 4269 be
242 4221 343 4270 entered
356 4221 381 4268 in
394 4238 435 4284 my
446 4219 563 4270 archives.
785 4227 850 4267 must
869 4218 1016 4280 necessarily
1026 4218 1090 4265 have
1110 4219 1173 4266 been
1193 4217 1307 4266 defeated
1325 4218 1358 4282 by

194 4299 283 4342 quam
310 4300 398 4343 parce
425 4290 498 4335 haec
520 4287 659 4334 beneficia
685 4286 733 4332 tri·
785 4299 817 4331 an
835 4282 1027 4332 indiscriminate
1046 4282 1161 4346 granting
1176 4282 1205 4330 of
1222 4282 1264 4330 the
1283 4282 1358 4346 privi-

161 4354 257 4399 huam.
295 4351 333 4400 Cf.
352 4352 400 4413 Ep.
426 4362 447 4412 7,
468 4350 609 4400 ‘civitatem
626 4349 734 4398 Alexan·
785 4349 852 4412 leges
864 4356 890 4397 to
902 4347 973 4397 those
982 4347 1039 4396 who
1047 4348 1120 4396 could
1130 4357 1173 4395 not
1185 4347 1276 4410 legally
1285 4347 1358 4396 claim

161 4415 257 4464 drinam
282 4416 418 4465 secundum
442 4415 623 4465 institutionem
645 4413 734 4478 princi·
786 4413 861 4462 them.
899 4412 1027 4461 Domitian
1047 4412 1096 4461 had
1109 4412 1134 4461 in
1145 4411 1279 4476 particular
1294 4412 1358 4463 been

751 4499 771 4547 P
