3052 5040
542 250 882 311 EPISTULARUM
902 250 986 309 LVI

1306 258 1362 310 159

159 450 260 494 causa
286 429 506 492 necessarium
538 429 662 492 credidi
689 448 758 491 rem
786 428 949 509 integram
967 430 1014 492 ad
1037 436 1070 491 te
1092 428 1218 492 referre.
1272 429 1361 493 Nam
1390 460 1407 517 3

158 533 244 595 sicut
271 530 439 594 mandatis
465 531 530 600 tuis
557 538 692 593 cautum
718 538 832 592 estne
857 528 1027 592 restituam
1052 529 1096 592 ab
1114 529 1179 592 alio
1197 538 1256 593 aut
1272 550 1362 593 ame

158 633 333 714 relegatos,
351 631 398 694 ita
415 630 458 694 de
476 631 516 695 iis
533 650 617 713 quos
642 629 727 692 alius
754 638 788 692 et
813 628 1007 711 relegaverit
1026 638 1059 693 et
1077 630 1256 694 restituerit
1279 631 1361 694 nihil

159 732 423 815 conprehensum
452 741 510 795 est.
565 730 647 794 Ideo
673 739 719 806 tu,
745 730 890 805 domine,
911 730 1133 794 consulendus
1161 731 1250 802 fuisti
1281 732 1361 814 quid

158 834 334 898 observare
361 852 415 895 me
433 831 542 909 velles,
559 840 629 895 tam
659 829 805 894 Hercule
826 831 869 894 de
890 830 942 893 his
966 833 1128 913 quamde
1154 831 1217 895 lllis
1244 833 1300 914 qui
1328 833 1361 896 in

158 942 357 1018 perpetuum
386 932 523 1014 relegati
549 951 610 995 nec
636 932 780 996 restituti
807 933 840 994 in
865 932 1035 1014 provincia
1060 933 1361 1015 deprehenduntur.

160 1035 250 1098 Nam
269 1035 352 1099 haec
378 1053 512 1116 quoque
537 1032 663 1115 species
690 1032 806 1096 incidit
824 1032 858 1095 in
883 1033 1108 1114 cognitionem
1128 1054 1246 1098 meam.
1299 1034 1362 1098 Est
1389 1051 1408 1103 4

159 1136 249 1199 enim
276 1136 441 1199 adductus
472 1134 515 1197 ad
547 1153 601 1196 me
631 1132 664 1195 in
691 1142 888 1216 perpetuum
916 1132 1080 1215 relegatus
1102 1155 1122 1196 a
1145 1135 1230 1198 Iulio
1257 1135 1362 1198 Basso

159 1230 373 1319 proconsule.
423 1235 507 1317 Ego,
525 1235 604 1316 quia
629 1232 775 1296 sciebam
803 1242 877 1297 acta
904 1234 999 1297 Bassi
1021 1235 1158 1298 rescissa
1179 1235 1363 1317 datumque

160 1356 181 1399 a
199 1346 317 1400 senatu
336 1337 386 1399 ius
404 1335 560 1399 omnibus
578 1336 620 1399 de
638 1334 758 1416 quibus
780 1333 835 1396 ille
859 1333 984 1416 aliquid
1007 1326 1232 1400 constituisset
1250 1356 1295 1400 ex
1314 1337 1362 1398 in·

159 1446 255 1520 tegro
283 1437 413 1519 agendi,
430 1436 611 1500 dumtaxat
639 1455 698 1517 per
723 1434 904 1511 biennium,
925 1435 1124 1518 interrogavi
1150 1436 1238 1500 hunc
1262 1457 1361 1519 quem

161 1539 365 1620 relegaverat
382 1557 425 1600 an
444 1537 568 1600 adisset
584 1536 818 1617 docuissetque
835 1535 1088 1618 proconsulem:
1114 1538 1256 1619 negavit.
1302 1538 1363 1600 Per
1391 1536 1406 1596 5

178 1682 193 1732 3
211 1684 297 1733 equos,
310 1670 406 1718 Avant.
420 1684 427 1729 ;
443 1683 515 1744 quos,
529 1667 554 1717 B
564 1667 620 1716 and
627 1666 687 1716 ΑΜ.

178 1744 193 1798 5
211 1741 263 1783 tam
273 1733 384 1783 Hercule
392 1733 424 1782 de
432 1733 472 1783 lus
480 1748 556 1797 quam
564 1732 597 1781 de
606 1731 663 1791 illis,
674 1731 733 1781 Αἶά.

210 1806 262 1849 tarn
275 1799 386 1848 Hercule
397 1814 473 1862 quam
485 1798 517 1847 de
528 1796 575 1856 his,
588 1799 612 1846 Α
616 1802 684 1846 vani.

159 1965 280 2030 relegatio
290 1981 356 2014 were
372 1965 528 2025 adulterium,
549 1974 670 2028 stuprum,
689 1964 737 2013 cal-

160 2031 255 2090 umnia,
265 2030 428 2095 repetundae‚
438 2029 483 2091 vis,
496 2030 546 2079 and
555 2028 662 2079 falsum)
689 2029 737 2078 See

160 2097 215 2146 also
225 2096 287 2160 Dig.
302 2095 342 2156 48,
357 2107 394 2158 19,
406 2094 446 2145 28.

193 2164 357 2210 restitutos.
387 2160 426 2211 Cf.
440 2160 491 2210 Cic.
502 2167 558 2224 pro.
571 2159 643 2217 MiL,
658 2160 738 2223 ‘quae

160 2225 246 2276 fuisset
266 2226 331 2274 iusta
350 2240 424 2275 causa
443 2224 589 2275 restituendi
612 2223 669 2282 mei,
690 2222 737 2272 nisi

160 2290 246 2341 fuisset
268 2290 360 2340 iniusta
382 2289 508 2340 eiciendi!
551 2290 619 2340 Suet.
645 2288 734 2338 Claud.

162 2369 202 2416 12,
224 2355 365 2407 ‘neminem
388 2356 498 2416 exulum,
519 2353 567 2405 nisi
587 2371 617 2404 ex
637 2361 737 2404 senatus

161 2421 319 2481 auctoritate,
333 2419 457 2470 restituit!

193 2487 242 2550 53.
262 2491 301 2536 ab
316 2489 382 2545 alle,
404 2486 444 2535 te.
464 2486 498 2549 by
514 2500 563 2534 one
580 2483 609 2533 of
623 2484 666 2533 the
681 2499 738 2548 pro·

163 2550 271 2601 consuls.
481 2581 484 2585 -

195 2619 267 2674 quid
277 2620 434 2666 observare
444 2629 492 2664 me
503 2618 600 2664 velles.
632 2613 670 2664 Cf.
685 2614 735 2678 Ep.

162 2680 203 2742 46,
220 2681 298 2745 ‘quid
309 2695 350 2729 me
360 2687 433 2745 putes
444 2681 575 2730 observare
586 2678 696 2729 debere.'

196 2751 259 2796 tam
291 2749 417 2795 Hercule
444 2750 481 2795 de
507 2749 554 2794 his
580 2759 669 2802 quem
702 2748 739 2793 de

161 2814 226 2861 ulte.
261 2811 273 2859 1
285 2810 350 2860 have
360 2810 478 2860 followed
490 2809 533 2860 the
544 2809 648 2873 reading
659 2809 688 2858 01
696 2809 740 2859 the

162 2875 258 2926 Aldine
269 2875 383 2934 editiou;
399 2875 491 2935 which,
506 2876 518 2924 1
530 2874 594 2924 have
605 2890 665 2938 very
676 2874 740 2924 little

162 2941 250 3002 doubt,
265 2941 357 2990 ishere
368 2947 471 2990 correct.
507 2940 562 2989 The
579 2939 697 2989 omission
714 2939 744 2989 of

165 3007 212 3056 ‘de
223 3004 277 3056 his’
289 3005 373 3055 would
387 3006 420 3055 be
436 3006 571 3069 extremely
582 3005 665 3054 harsh.
699 3004 738 3054 Cf.

163 3072 212 3135 Ep.
235 3071 262 3120 vi
284 3082 322 3132 19,
344 3069 367 3130 6,
391 3071 513 3120 ‘Proinde
536 3070 557 3119 si
580 3070 691 3134 poenitet
715 3077 740 3121 te

163 3136 309 3186 Italicorum
342 3135 509 3200 praediorum,
540 3135 589 3184 hoc
616 3135 740 3184 vendendi

161 3208 261 3266 tempus
276 3209 329 3250 tam
347 3201 457 3250 Hercule
473 3217 548 3266 quam
565 3201 591 3250 in
608 3199 741 3265 provinciis

162 3265 344 3330 comparandi.'

174 3333 213 3446 hys
220 3335 339 3445 imm
354 3345 472 3390 quoque
487 3334 607 3390 spectes,
620 3347 635 3380 a
646 3345 703 3381 case
714 3328 743 3379 of

195 3465 402 3511 aIulloBesso
414 3465 593 3518 proconsule.
620 3459 649 3510 C.
663 3459 741 3509 Iulius

164 3526 255 3576 Bassus
267 3542 318 3575 was
335 3526 364 3575 of
377 3525 453 3575 noble
469 3525 552 3584 birth;
570 3527 598 3574 E
613 3560 619 3574 .
634 3525 659 3574 iv
670 3537 693 3586 9,
713 3539 738 3586 4,

165 3593 211 3641 ‘ex
231 3591 329 3655 generis
349 3589 476 3640 claritate’
497 3591 547 3640 and
568 3606 585 3638 o
605 3591 683 3654 'grem
703 3589 740 3638 in·

164 3655 259 3721 dustry‚
286 3656 378 3706 ‘homo
401 3654 553 3705 laboriosus!
588 3655 631 3704 He
653 3655 741 3703 served

163 3736 191 3772 as
209 3730 327 3785 quaestor
340 3720 367 3770 iu
387 3720 521 3783 Bithynia3
538 3719 563 3768 iv
573 3732 597 3781 9,
612 3731 633 3780 1,
657 3721 741 3768 ‘accu-

163 3794 232 3836 satus
248 3794 286 3837 est
303 3786 350 3835 sub
361 3785 517 3850 Vespasiano
530 3801 545 3834 a
562 3784 663 3848 privatis
679 3785 740 3833 duo·

164 3852 218 3912 bus,
239 3851 272 3900 ad
288 3860 402 3901 senatum
419 3850 535 3900 remissus
552 3850 593 3898 diu
610 3849 739 3913 pependit,

164 3917 267 3966 tandem
284 3917 414 3966 absolutus
422 3915 618 3978 vindicatusque.
654 3913 741 3963 Titum

164 3981 255 4041 timuit,
267 3989 295 4031 ut
307 3980 448 4030 Domitiani
459 3980 559 4040 amicus,
571 3996 587 4028 a
595 3979 741 4028 Domitiano

163 4047 288 4112 relegatus
299 4053 353 4097 est:
370 4054 499 4095 revocatus
507 4061 522 4094 a
531 4045 621 4103 Nerva,
632 4043 741 4094 sortitus·

182 4127 213 4162 ue
236 4110 381 4176 Bithyniam
408 4110 483 4159 rediit
506 4109 580 4161 reus'
626 4109 668 4157 He
690 4124 741 4158 was

164 4177 288 4227 terefora
310 4184 366 4226 sent
388 4182 432 4226 out
454 4184 481 4224 10
499 4173 616 4237 Bithynia
635 4189 663 4223 as
684 4189 741 4237 pro·

165 4243 251 4292 consul
271 4241 298 4291 in
314 4241 346 4303 98
363 4251 420 4297 Λα).
458 4241 501 4289 Ηο
517 4255 567 4289 was
586 4240 691 4288 accused
708 4240 741 4303 by

165 4307 208 4356 the
219 4306 369 4373 provinciale
377 4306 407 4355 01
414 4304 574 4370 repetundae,
588 4304 638 4353 and
649 4320 741 4368 among

164 4372 236 4422 other
255 4371 348 4438 points,
366 4371 393 4421 in
409 4370 492 4421 which
511 4369 639 4435 ‘quamvis
656 4369 741 4419 auditu

837 1679 853 1728 9
869 1665 1022 1730 dictumque,
1036 1669 1131 1716 Avant.
1227 1716 1230 1721 ⁴

823 1744 852 1780 12
869 1732 976 1795 negavit,
988 1748 1035 1781 om.
1050 1733 1082 1782 B.
1092 1733 1147 1781 and
1155 1733 1214 1782 Ald.
1229 1733 1284 1782 add
1298 1733 1351 1782 Cat.

788 1962 1190 2027 gravioribusnonabsolutionem
1198 1967 1364 2017 modoverum

789 2028 865 2077 etiam
887 2027 987 2077 laudem
1009 2030 1168 2090 merebatur‚’
1191 2031 1220 2080 01
1239 2032 1364 2096 receiving

787 2101 899 2157 presents
911 2093 974 2142 from
986 2094 1029 2144 the
1045 2095 1202 2160 provincials.
1238 2096 1320 2147 These
1331 2097 1364 2147 he

788 2160 898 2208 asserted
925 2157 958 2207 he
985 2159 1036 2208 had
1064 2161 1176 2210 received
1204 2163 1297 2226 merely
1321 2164 1364 2211 ‘ut

788 2222 900 2282 amicus,'
912 2224 964 2272 and
975 2225 1034 2288 only
1048 2225 1141 2274 ‘natali
1153 2241 1197 2275 suo
1208 2238 1251 2276 aut
1263 2227 1363 2276 Saturn-

788 2287 902 2347 alibus'3
929 2289 973 2338 but
990 2289 1041 2338 this
1060 2289 1200 2339 confession
1221 2291 1365 2356 prejudiced

788 2352 828 2402 his
855 2369 920 2413 case,
952 2356 1031 2418 ‘quod
1061 2355 1101 2404 lex
1134 2371 1237 2405 munera
1265 2372 1364 2420 quoque

788 2418 868 2482 accipi
888 2417 973 2468 vetat)
1015 2419 1071 2468 The
1091 2421 1232 2470 accusation
1251 2437 1301 2470 was
1321 2436 1363 2485 ap-

788 2482 902 2548 parently
928 2484 1036 2548 brought
1066 2486 1100 2549 by
1136 2486 1179 2534 the
1217 2486 1364 2535 ‘concilium

788 2548 949 2612 provinciae‚’
969 2549 1052 2599 which
1074 2558 1129 2599 sent
1151 2566 1210 2599 over
1232 2558 1259 2600 to
1284 2551 1365 2600 Rome

788 2613 955 2678 Theophanes
977 2616 1027 2663 and
1058 2616 1129 2664 other
1156 2615 1237 2679 legati.
1281 2616 1364 2664 Theo·

788 2678 884 2743 phanes
900 2679 921 2729 is
939 2679 1069 2728 described
1085 2697 1112 2729 as
1128 2681 1184 2730 ‘fax
1201 2680 1365 2730 accusationis

789 2752 814 2793 et
840 2744 942 2808 origo’;
967 2745 999 2794 he
1019 2761 1070 2795 was
1093 2761 1109 2794 a
1131 2745 1236 2795 factious
1256 2762 1315 2794 man
1338 2754 1365 2795 to

788 2809 873 2858 whom
894 2811 983 2860 Bassus
1003 2811 1053 2859 had
1070 2811 1144 2875 given
1163 2826 1233 2860 some
1250 2812 1364 2875 personal

789 2875 892 2924 offence.
929 2875 1082 2939 Pomponius
1100 2876 1180 2924 Rufus
1197 2876 1247 2925 aud
1266 2877 1364 2925 Heren-

789 2939 845 2989 nius
863 2939 943 2989 Pollio
960 2940 1010 2988 and
1022 2940 1135 2990 Varenus
1152 2941 1231 2990 Rufus
1244 2957 1308 2991 were
1322 2941 1365 2990 the

789 3019 901 3054 accusers
918 3005 1053 3080 appointed
1070 3007 1105 3069 by
1121 3006 1164 3055 the
1182 3015 1266 3055 senate
1275 3023 1283 3065 ;
1301 3007 1364 3056 Luc-

789 3070 857 3119 ceius
880 3070 987 3119 Albinus
1013 3070 1144 3120 defended.
1178 3072 1213 3120 At
1239 3071 1282 3121 the
1307 3072 1364 3129 end,

789 3134 814 3183 iv
826 3146 850 3195 9,
866 3134 904 3194 16,
921 3134 1040 3184 ‘Censuit
1051 3136 1157 3186 Baebius
1172 3136 1265 3196 Macer,
1279 3138 1366 3187 consul

790 3200 940 3264 designatus,
963 3201 1018 3265 lege
1040 3201 1232 3265 repetundarum
1261 3203 1365 3252 Bassum

790 3265 885 3325 teneri;
911 3265 1006 3330 Caepio
1029 3266 1121 3330 Hispo,
1146 3268 1214 3316 salva
1236 3267 1364 3331 dignitate,

789 3329 883 3380 iudices
894 3329 1004 3381 dandos’
1018 3331 1069 3392 (see
1080 3332 1170 3381 introd.
1182 3342 1208 3395 p.
1219 3331 1272 3393 46),
1285 3335 1364 3381 ‘uter-

790 3411 838 3460 que
856 3402 922 3445 recte
945 3432 951 3444 .
980 3431 986 3445 .
1011 3433 1017 3446 .
1044 3396 1103 3460 quia
1121 3396 1215 3445 scilicet
1233 3405 1258 3446 et
1277 3398 1365 3446 Macro

791 3461 871 3524 legem
889 3461 996 3510 intuenti
1016 3469 1208 3510 consentaneum
1229 3462 1275 3510 fuit
1295 3463 1364 3511 dam·

790 3541 849 3574 nare
866 3541 924 3574 eum
941 3526 983 3589 qui
1002 3534 1089 3575 contra
1105 3527 1186 3590 legem
1203 3542 1306 3576 munera
1325 3543 1365 3576 ac-

790 3600 898 3654 ceperat,
921 3597 945 3639 et
969 3590 1071 3655 Caepio,
1093 3607 1150 3640 cum
1171 3600 1270 3654 putaret
1292 3592 1366 3642 licere

790 3655 896 3714 senatui,
922 3654 985 3705 sicut
1014 3656 1078 3715 licet,
1105 3664 1130 3704 et
1156 3655 1269 3720 mitigare
1298 3657 1365 3721 leges

791 3727 815 3769 et
838 3720 976 3780 intendere,
1001 3735 1052 3768 non
1075 3719 1128 3769 sine
1151 3721 1246 3771 ratione
1265 3724 1364 3771 veniam

791 3785 860 3834 dedit
883 3785 958 3844 facto,
982 3785 1060 3834 vetito
1082 3785 1184 3848 quidem
1207 3786 1259 3835 n'on
1281 3795 1365 3836 tamen

790 3849 926 3899 inusitato!
952 3848 1192 3914 Caepio'sproposal
1201 3866 1252 3900 was
1261 3852 1363 3912 carried,

790 3915 912 3978 although
939 3930 1008 3964 some
1030 3914 1145 3978 objected
1167 3923 1194 3965 to
1216 3915 1243 3976 it,
1266 3931 1300 3965 on
1323 3916 1366 3964 the

790 3981 888 4044 ground
905 3980 959 4030 that
976 3979 1117 4029 conviction
1134 3980 1163 4029 01
1180 3981 1364 4045 ‘repetundae,'

791 4061 854 4095 even
865 4045 949 4094 before
958 4045 1001 4095 the
1012 4045 1105 4095 iudices
1116 4045 1233 4095 involved
1244 4047 1364 4111 degrada·

791 4109 845 4160 tion
856 4111 919 4159 from
936 4111 978 4159 the
990 4119 1083 4169 senate,
1101 4111 1206 4175 ‘negant
1223 4112 1289 4160 enim
1306 4127 1364 4162 con-

790 4192 880 4239 gruens
896 4191 949 4225 esse
960 4176 1066 4224 retinere
1077 4175 1103 4225 in
1118 4184 1205 4225 senatu
1221 4177 1260 4226 cui
1271 4177 1366 4227 iudices

790 4240 903 4290 dederis'
937 4241 992 4289 The
1009 4241 1085 4289 result
1102 4240 1131 4289 of
1144 4241 1187 4290 the
1205 4241 1262 4290 trial
1281 4242 1365 4293 before

791 4306 834 4355 the
851 4305 958 4354 iudices’
976 4321 1034 4364 was,
1053 4321 1081 4354 as
1098 4321 1137 4355 we
1153 4305 1222 4355 leam
1239 4307 1302 4356 from
1322 4308 1365 4358 the

793 4378 893 4435 present
911 4371 992 4430 letter,
1005 4371 1060 4420 that
1072 4371 1115 4421 the
1128 4379 1181 4421 acts
1192 4372 1221 4422 of
1235 4373 1326 4422 Bassus
1337 4372 1363 4422 iu
