3052 5040
493 266 497 274 '
573 279 604 338 e.
627 278 762 336 Palu]
782 277 850 334 Er
875 227 1072 362 sensnm

221 286 279 338 216

220 465 418 539 pastumque
443 454 554 519 venire
579 454 798 530 victimarum,
816 452 908 515 cuius
936 449 1045 514 adhuc
1073 450 1256 513 rarissimus
1284 458 1419 532 emptor

221 555 455 620 inveniebatur.
509 555 564 617 Ex
582 575 650 636 quo
676 552 771 616 facile
799 561 850 616 est
878 551 1008 634 opinari
1023 571 1109 633 quae
1128 550 1224 614 turba
1241 551 1417 614 hominum

221 657 389 721 emendari
408 656 521 739 possit,
539 655 566 718 si
584 656 627 718 sit
645 653 867 745 paenitentiae
885 652 983 715 locus.

347 787 357 824 ι
376 790 485 839 passum,
497 777 595 827 Avant.
646 781 754 837 pastum,
767 772 800 825 B.
850 770 993 836 passimque
1003 769 1088 820 venire
1099 769 1221 830 victimas,
1234 770 1293 820 Ald.

644 1042 775 1109 xcvu
805 1042 990 1126 [xcviii]

616 1195 806 1263 ramanus
833 1195 961 1245 Pn1u1o
988 1194 1013 1245 s.

179 1340 192 1381 1
295 1318 421 1383 Actum
450 1341 549 1403 quem
574 1319 727 1397 debuisti,
754 1319 799 1383 mi
827 1319 988 1395 Secunde,
1014 1319 1047 1380 in
1074 1319 1282 1381 excutiendis
1309 1318 1418 1382 causis

221 1441 335 1484 eorum
354 1421 410 1503 qui
436 1421 612 1485 Christiani
640 1422 682 1484 ad
709 1430 742 1483 te
760 1419 861 1484 delati
889 1419 1018 1482 fuerant
1043 1427 1175 1481 secutus
1201 1440 1243 1482 es.
1298 1419 1418 1500 Neque

222 1522 310 1584 enim
329 1522 361 1584 in
389 1522 577 1585 universum
604 1521 728 1603 aliquid
751 1521 839 1603 quod
867 1520 961 1601 quasi
988 1529 1111 1582 certam
1139 1518 1280 1582 formam
1293 1519 1417 1583 habeat

179 1633 195 1672 ²
221 1622 391 1686 constituti
422 1630 539 1704 potest
600 1621 823 1704 Conquirendi
859 1641 925 1683 non
960 1629 1058 1684 sunt:
1097 1619 1124 1682 si
1159 1620 1349 1683 deferantur
1384 1630 1418 1684 et

221 1732 408 1805 arguantur,
427 1722 585 1804 puniendi
603 1732 689 1799 sunt,
707 1723 753 1785 ita
777 1732 889 1785 tamen
908 1730 945 1784 ut
963 1721 1018 1803 qui
1037 1722 1207 1802 negaverit
1225 1742 1260 1783 se
1276 1721 1417 1785 ‹Christi-

671 1854 688 1901 4
704 1840 852 1898 deferentur,
865 1843 960 1890 Avant.

253 1979 310 2029 You
328 1979 392 2028 have
409 1979 518 2044 adopted
534 1979 577 2028 the
593 1994 684 2055 proper
696 1994 792 2038 course,
844 1987 868 2027 et
880 1985 962 2027 cetera
973 1977 1066 2026 scelera
1077 1977 1246 2041 prohibentes.
1272 1979 1344 2027 Tunc
1356 1976 1418 2026 Tra·

221 2059 246 2093 m
289 2045 349 2094 dear
377 2043 459 2108 Pliny,
488 2044 514 2093 in
542 2044 642 2107 dealing
663 2043 724 2093 with
751 2043 794 2093 the
843 2043 914 2092 ianus
931 2043 1055 2107 rescripsit
1071 2042 1119 2091 hoc
1130 2059 1208 2106 genus
1219 2043 1321 2107 quidem
1337 2042 1418 2106 inqui-

222 2056 359 2159 Christians
369 2108 427 2158 who
440 2109 504 2158 have
515 2109 579 2158 been
591 2109 698 2172 brought
709 2108 794 2157 before
843 2109 934 2156 rendos
961 2124 1012 2156 non
1040 2123 1101 2166 esse,
1126 2108 1223 2157 oblatos
1248 2125 1307 2157 vero
1335 2108 1419 2172 puniri

221 2189 278 2238 you.
314 2175 357 2222 No
373 2173 473 2238 general
487 2191 514 2222 or
531 2173 633 2223 definite
650 2174 732 2238 ruling
748 2189 795 2223 can
842 2172 976 2237 oportere.’
1010 2174 1045 2222 So
1055 2173 1195 2222 Eusebius:
1217 2175 1258 2221 ‘vl
1270 2175 1417 2235 χριστιανῶν

222 2239 403 2289 belaiddown.
435 2239 507 2303 They
515 2255 557 2288 are
566 2247 610 2287 not
622 2238 794 2288 tobehunted
843 2241 919 2298 φῦλον
931 2240 965 2296 μὴ
975 2239 1126 2297 ἐκζητεῖσθαι
1137 2240 1187 2299 μέν,
1198 2240 1303 2297 ἔμπεσον
1314 2240 1341 2286 δε
1349 2241 1419 2286 κολά-

221 2312 274 2364 out¹
287 2304 332 2354 but
344 2304 365 2353 if
380 2305 486 2368 brought
504 2304 588 2353 before
606 2320 655 2366 you
671 2304 721 2352 aud
735 2319 794 2352 con·
842 2302 943 2362 laudm)
977 2303 1116 2351 Tertullian
1133 2303 1193 2351 then
1216 2303 1352 2366 proceeds:
1376 2303 1417 2353 ‘0

221 2368 304 2418 victed
324 2369 382 2433 they
399 2377 464 2418 must
484 2370 516 2418 be
535 2368 665 2432 punished.
700 2368 793 2427 Those,
841 2368 990 2417 sententiam
1009 2368 1155 2417 necessitate
1175 2369 1320 2417 confusam:
1343 2376 1418 2432 negat

194 2449 196 2453 ’
221 2434 344 2494 however,
369 2435 426 2482 who
453 2434 519 2498 deny
541 2434 605 2483 their
633 2433 795 2496 Christianity
818 2431 1002 2496 ,inquirendos
1011 2441 1037 2482 ut
1047 2433 1208 2481 innocentes:
1225 2434 1327 2482 mandat
1336 2433 1418 2497 puniri

221 2499 271 2548 and
283 2515 359 2564 prove
376 2499 440 2548 their
456 2499 539 2547 denial
551 2499 584 2562 by
596 2498 701 2562 praying
712 2506 739 2547 to
750 2514 794 2546 our
841 2504 868 2546 vt
881 2506 998 2547 nocentes
1008 2497 1085 2561 parcit
1095 2506 1119 2547 et
1131 2498 1225 2547 saevit:
1243 2498 1381 2547 dissimulat
1393 2506 1418 2547 et

220 2565 292 2628 gods,
306 2580 362 2627 may
374 2564 438 2628 wipe
451 2571 495 2612 out
512 2572 568 2626 past
585 2563 730 2627 suspicions,
744 2563 793 2611 and
842 2561 1033 2612 animadvertit.¹
1068 2562 1150 2611 There
1162 2579 1213 2611 was
1224 2579 1258 2610 no
1269 2564 1319 2611 real
1331 2563 1418 2611 incon·

220 2645 304 2678 secure
315 2646 331 2678 a
341 2629 391 2678 free
402 2629 499 2692 pardon
510 2629 544 2692 by
555 2629 619 2678 their
630 2629 793 2679 recantation.
842 2627 956 2691 sistency,
976 2628 1100 2687 however,
1120 2627 1146 2676 in
1169 2627 1283 2692 Trajan's
1303 2628 1415 2692 rescript.

220 2695 384 2758 Anonymous
403 2694 558 2744 accusations
576 2695 605 2743 of
620 2694 654 2742 all
672 2701 736 2742 sorts
752 2708 795 2742 are
844 2692 938 2757 Ulpian
957 2709 1022 2756 says,
1043 2694 1105 2756 Dig.
1128 2692 1258 2754 1,18,13,
1281 2693 1418 2757 ‘Congruit

219 2758 397 2808 inadmissible.
442 2759 513 2824 They
524 2775 566 2809 are
582 2767 697 2822 contrary
708 2767 735 2808 to
752 2758 796 2808 the
841 2757 909 2806 bono
926 2765 951 2806 et
967 2757 1036 2821 gravi
1056 2757 1163 2822 praesidi
1183 2774 1268 2807 curare
1284 2766 1312 2806 ut
1328 2768 1419 2821 pacata

219 2822 290 2888 spirit
302 2825 331 2873 of
339 2840 383 2873 our
394 2823 461 2873 time.
841 2829 917 2885 atque
935 2822 1020 2886 quieta
1038 2822 1165 2886 provincia
1187 2822 1219 2870 sit
1238 2839 1313 2886 quam
1336 2823 1417 2886 regitt

252 2890 300 2947 51.
320 2893 426 2939 uotum
465 2888 503 2938 Cf.
528 2889 577 2952 Ep.
602 2887 642 2947 28,
668 2890 738 2938 ‘cum
761 2889 793 2937 ad
841 2888 910 2950 quod
928 2902 980 2936 non
1002 2887 1102 2936 difficile
1124 2887 1246 2936 obtinebit
1269 2887 1289 2937 si
1309 2896 1367 2950 agat
1390 2896 1417 2937 ut

220 2953 351 3017 pristinum
362 2961 445 3002 actum
457 2969 568 3002 reversus
579 2953 672 3002 fuerit.’
842 2952 913 3001 malis
930 2952 1072 3001 hominibus
1083 2951 1212 3016 provincia
1223 2960 1312 3010 careat,
1325 2969 1418 3016 eosque

252 3021 471 3067 inexcutlendla
478 3021 581 3067 causta
608 3019 646 3067 Cf.
655 3018 707 3068 Cic.
719 3019 791 3068 Pan.

223 3083 266 3132 Or.
295 3083 334 3145 36,
363 3093 417 3144 134,
445 3083 607 3146 ‘explicando
635 3083 794 3133 excutiendo·

220 3163 269 3261 pue
297 3147 405 3206 verbo’;
434 3148 520 3210 Quint.
545 3164 562 3196 v
590 3158 613 3208 7,
640 3159 680 3211 37,
706 3149 794 3210 ‘Quae

230 3229 271 3262 ere
295 3213 379 3262 omnia
402 3212 492 3262 Cicero
514 3212 659 3263 incrimine
681 3213 794 3263 veneficii

220 3277 330 3327 excutit.'

252 3356 349 3400 neque
375 3345 452 3391 enlm
478 3345 648 3392 universum
675 3346 793 3400 aliquid*

222 3407 261 3457 Cf.
276 3409 325 3470 Ep.
340 3406 371 3469 65
389 3408 439 3456 and
453 3407 485 3456 66
500 3408 550 3456 and
571 3420 624 3471 113,
641 3408 681 3457 ‘in
698 3407 794 3457 univer·

221 3489 275 3522 sum
286 3489 302 3520 a
313 3488 353 3521 me
364 3488 415 3520 non
428 3480 509 3536 potest
521 3472 614 3522 statui.’

253 3540 301 3597 §a
321 3541 509 3595 oonqulrandt
532 3552 591 3586 non
613 3542 689 3586 sunt.
734 3538 794 3586 Ter·

221 3603 308 3652 tullian
320 3603 346 3652 in
358 3602 477 3666 referring
488 3609 515 3652 to
523 3601 573 3650 this
584 3602 795 3666 correspondence

842 3017 990 3080 conquirat:
1015 3033 1073 3066 nam
1092 3024 1117 3066 et
1136 3017 1276 3081 sacrilegos,
1298 3017 1416 3078 latrones,

841 3082 982 3146 plagiarios,
991 3081 1057 3132 fures
1067 3082 1213 3146 conquirere
1220 3083 1296 3131 debet
1307 3089 1332 3130 et
1344 3091 1418 3146 prout

842 3147 946 3234 quisque
974 3147 1105 3211 deliquerit
1130 3147 1155 3196 in
1181 3163 1236 3196 eam
1261 3147 1418 3196 animadver-

843 3221 901 3261 tere.
947 3213 978 3261 In
1000 3213 1116 3275 ordinary
1132 3229 1200 3262 cases
1220 3213 1238 3261 it
1250 3228 1300 3261 was
1317 3229 1332 3260 a
1350 3213 1418 3277 prin·
1511 3261 1515 3267 ,

842 3277 907 3342 ciple
924 3277 952 3326 of
973 3278 1070 3326 Roman
1088 3278 1137 3326 law
1155 3278 1209 3326 that
1227 3293 1260 3326 no
1278 3293 1326 3325 one
1343 3278 1418 3326 could

843 3343 874 3390 be
892 3343 961 3401 tried,
977 3342 1143 3401 condemned,
1161 3359 1189 3391 or
1206 3343 1328 3406 punished
1346 3343 1418 3392 with·

843 3414 885 3454 out
908 3423 940 3456 an
962 3423 1069 3457 accuser.
1107 3408 1154 3457 See
1177 3407 1230 3456 Cic.
1250 3415 1299 3470 pro
1320 3409 1422 3467 Roscia¹

842 3472 935 3537 Trajan
957 3472 1087 3530 therefore,
1109 3472 1135 3520 in
1157 3472 1207 3521 this
1229 3471 1303 3531 edict,
1324 3473 1419 3537 merely

843 3537 907 3585 rules
919 3537 972 3586 that
989 3537 1039 3586 this
1049 3536 1165 3598 ordinary
1176 3538 1312 3600 procedure
1327 3537 1419 3586 should
1497 3535 1501 3545 “

843 3601 929 3650 obtain
940 3603 965 3650 in
978 3602 1021 3651 the
1032 3618 1089 3650 case
1100 3601 1129 3650 of
1137 3602 1180 3651 the
1192 3601 1337 3651 Christiana.
1375 3603 1419 3651 He
1495 3634 1499 3640 ·

220 3684 282 3732 says,
298 3669 457 3718 ‘Invenimus
469 3666 653 3744 inquisitionem
662 3683 760 3731 quoque
769 3667 795 3716 in
841 3666 863 3716 is
879 3667 1015 3716 convinced
1034 3668 1067 3731 by
1084 3665 1177 3730 Pliny's
1192 3666 1265 3716 letter
1285 3666 1338 3715 that
1358 3667 1419 3732 they

221 3750 267 3783 nos
278 3734 435 3798 prohibitam.
471 3732 565 3782 Plinius
577 3731 644 3781 enim
656 3732 793 3791 Secundus,
843 3740 934 3781 cannot
946 3733 978 3781 be
989 3732 1060 3795 fairly
1071 3732 1166 3781 classed
1177 3747 1270 3796 among
1283 3732 1417 3792 ‘latrones

222 3814 278 3846 cum
287 3799 439 3862 provinciam
448 3806 552 3864 regeret,
564 3796 687 3846 damnatis
695 3797 794 3860 quibus·
843 3796 965 3860 sacrilegi,
985 3796 1068 3856 fureS,’
1087 3805 1145 3857 eto,
1166 3798 1216 3846 aud
1235 3796 1358 3846 therefore
1375 3797 1420 3846 the

222 3863 280 3911 dam
293 3862 448 3920 Christianis,
459 3864 607 3927 quibusdam
618 3862 696 3927 gradu
708 3861 793 3925 pulsis,
842 3861 964 3911 initiative
983 3861 1089 3910 allowed
1109 3869 1135 3910 to
1154 3877 1289 3925 governors
1307 3860 1335 3911 in
1354 3861 1419 3911 their

221 3927 275 3977 isa
292 3935 375 3976 tamen
392 3927 550 3977 multitudine
567 3927 724 3992 perturbatus
735 3926 795 3990 quid
843 3926 986 3976 caseisnot
1003 3926 1157 3990 permissible
1170 3926 1197 3974 in
1210 3925 1267 3976 this.
1304 3925 1335 3985 lf,
1349 3926 1419 3975 how-

239 3991 348 4041 eceteris
359 3998 452 4054 ageret,
463 3993 584 4042 consuluit
595 4001 648 4042 tum
661 3991 796 4041 Traianum
843 4007 908 4050 ever,
933 3991 992 4055 they
1011 4007 1076 4041 were
1098 3990 1225 4054 definitely
1241 3991 1346 4040 accused
1369 3991 1419 4040 and

222 4057 404 4121 imperatorem,
431 4055 540 4119 allegans
564 4066 661 4120 praeter
686 4056 795 4105 obstina-
843 4057 982 4116 convicted,
995 4057 1054 4120 they
1065 4057 1147 4105 would
1163 4056 1192 4104 of
1205 4072 1291 4105 course
1307 4057 1340 4105 be
1356 4072 1419 4120 pun·

221 4121 315 4171 tionem
329 4137 380 4170 non
397 4120 551 4175 sacrificandi
567 4122 629 4171 nihil
645 4122 712 4171 aliud
726 4122 796 4170 sede
843 4121 922 4171 ished.
954 4122 979 4171 It
987 4122 1008 4171 is
1016 4130 1061 4171 not
1070 4130 1124 4171 true
1133 4121 1254 4171 therefore
1262 4121 1316 4170 that
1325 4122 1419 4186 Trajan

220 4187 294 4236 sacris
322 4203 406 4236 eorum
435 4185 583 4249 comperisse
610 4203 684 4250 quam
712 4196 797 4237 coetus
848 4188 937 4249 ‘negat
957 4187 1117 4250 inquirendos
1136 4194 1164 4235 ut
1180 4186 1356 4244 innocentes'3
1374 4187 1420 4237 but

221 4253 380 4300 antelucanos
397 4252 429 4300 ad
446 4251 585 4300 canendum
603 4251 701 4300 Christo
713 4260 737 4301 et
749 4252 797 4300 deo
844 4249 934 4315 simply
949 4254 990 4300 ‘ut
1007 4268 1058 4300 non
1074 4251 1201 4309 latrones,'
1215 4259 1261 4300 etc.
1300 4251 1324 4300 It
1335 4252 1419 4301 would

222 4325 246 4365 et
255 4317 287 4364 ‘ad
297 4316 522 4365 confoederandam
534 4315 704 4380 disciplinam:
716 4317 796 4365 homi·
844 4317 877 4366 be
887 4332 1025 4379 necessary,
1039 4316 1122 4365 before
1137 4316 1209 4379 Pliny
1220 4316 1293 4365 could
1305 4315 1420 4365 examine

222 4381 323 4440 cidium,
345 4381 502 4441 adulterium,
525 4381 646 4441 fraudem,
667 4381 797 4444 perfidiam
844 4382 887 4431 the
895 4381 1039 4442 Christians,
1047 4381 1101 4430 that
1109 4380 1420 4446 theyshouldbebrought
