3052 5040
664 307 904 367 CONTENTS

269 541 346 590 XVII
356 541 387 591 A.
408 541 440 590 In
452 539 595 603 Bithyniam
607 554 633 589 se
645 538 741 588 venisse
753 537 838 588 scribit
931 575 937 587 .
950 592 951 599 .
1039 575 1044 587 .
1147 575 1152 586 .
1254 575 1260 587 .

268 643 346 692 XVII
356 643 384 693 B.
405 643 430 692 A
440 641 573 706 postscript
607 677 1258 690 .......

250 745 352 795 XVIII.
372 743 485 810 Trajan’s
497 744 567 808 reply
607 779 1260 792 .......

278 849 352 899 ΧΙΧ.
373 849 413 898 De
425 847 543 898 custodiis

294 951 351 1000 XX.
372 949 486 1015 Trajan’s
497 951 567 1015 reply
611 984 1259 999 .......

281 1055 353 1103 XXI.
374 1054 414 1103 De
425 1068 529 1102 numero
540 1052 647 1102 rnilitum
659 1051 742 1102 Gabio
753 1053 832 1102 Basso
842 1051 969 1117 praefecto
980 1052 1165 1116 adsignatorum
1253 1088 1259 1100 .

266 1156 353 1206 XXII.
373 1155 568 1221 Trajan’sreply
607 1191 613 1202 .
715 1191 720 1205 .
823 1191 828 1202 .
930 1191 936 1203 .
987 1223 989 1227 Ι
1038 1192 1043 1204 .
1146 1192 1151 1203 .
1254 1190 1259 1204 .

251 1259 354 1308 ΧΧΙΙΙ.
374 1260 414 1308 De
426 1259 526 1309 balineo
538 1248 703 1308 Prusensium
716 1294 1260 1308 ......

255 1366 352 1416 XXIV.
372 1366 485 1431 Trajan's
497 1365 567 1430 reply
607 1400 1260 1415 .......

268 1469 351 1519 XXV.
372 1469 412 1518 De
423 1469 532 1519 adventu
545 1468 643 1520 Servilii

255 1571 352 1622 XXVI.
373 1571 422 1620 Pro
434 1571 544 1620 Rosiano
556 1570 665 1621 Gemino
716 1609 1260 1622 ......

242 1674 354 1723 XXVII.
374 1674 415 1724 De
425 1673 545 1724 militibus
558 1673 671 1724 Maximo
682 1673 835 1738 procuratori
846 1673 1006 1739 adsignandis
1040 1711 1046 1723 .
1148 1711 1154 1723 .
1255 1712 1260 1723 .

225 1774 351 1825 XXVIII.
372 1774 485 1840 Trajan's
496 1775 567 1840 reply
608 1811 1260 1827 .......

256 1878 353 1929 ΧΧΙΧ.
375 1879 415 1928 De
426 1878 502 1928 servis
513 1878 577 1929 inter
589 1879 681 1929 tirones
692 1877 799 1929 inventis
824 1914 829 1926 .
933 1915 938 1927 .
1039 1916 1044 1927 .
1148 1915 1154 1927 .
1255 1915 1260 1924 .

269 1981 353 2030 XXX.
373 1979 487 2046 Trajan’s
497 1982 567 2046 reply
608 2017 1259 2031 .......

253 2083 352 2132 XXXI.
373 2084 413 2133 De
424 2083 454 2132 iis
465 2083 508 2147 qui
519 2100 549 2133 ex
561 2084 722 2134 damnatione
734 2084 798 2134 servi
809 2081 903 2149 publici
915 2092 996 2133 essent
1039 2121 1044 2133 .
1146 2122 1151 2132 .
1254 2121 1259 2132 .
1332 2084 1377 2132 126

239 2186 351 2236 XXXII.
372 2186 485 2249 Trajan's
496 2188 566 2251 reply
608 2223 1258 2238 .......
1332 2185 1377 2235 128

226 2291 353 2341 XXXIII.
375 2291 415 2339 De
426 2290 533 2354 collegio
544 2290 669 2340 fabrorum
682 2291 902 2342 Nicomedensium
915 2291 1066 2340 instituendo
1147 2327 1153 2339 .
1254 2327 1259 2336 .
1331 2304 1377 2351 129

229 2392 350 2441 XXXIV.
371 2383 565 2456 Trajan’sreply
606 2429 1151 2443 ......
1205 2439 1207 2441 .
1254 2429 1258 2439 .
1331 2407 1376 2456 132

244 2495 351 2545 XXXV.
370 2496 493 2545 Votorum
504 2495 657 2559 nuncupatio
713 2532 1151 2546 .....
1205 2477 1211 2488 ⁹
1253 2532 1259 2546 .
1331 2508 1376 2560 133

227 2598 349 2648 XXXVI.
369 2598 483 2662 Trajan‘s
494 2599 565 2663 reply
607 2634 1258 2648 .......
1331 2611 1376 2662 133

214 2699 351 2748 XXXVII.
372 2700 412 2749 De
423 2715 503 2764 aquae
514 2699 590 2749 ductu
602 2698 825 2750 Nicomedensium
929 2738 934 2748 .
1038 2737 1044 2749 .
1145 2739 1150 2749 .
1252 2737 1259 2750 .
1330 2714 1377 2764 134

198 2801 350 2851 XXXVIII.
370 2800 483 2866 Trajan’s
494 2803 565 2867 reply
607 2838 1258 2852 .......
1331 2804 1376 2866 136

230 2904 352 2953 XXXIX
371 2905 412 2953 De
424 2904 521 2954 theatro
532 2904 679 2954 Nicensium
713 2941 1257 2955 ......
1330 2907 1376 2969 136

295 3005 351 3055 XL.
372 3005 486 3070 Trajan’s
498 3006 567 3070 reply
608 3043 1258 3058 .......
1330 3023 1376 3071 140

177 3116 181 3125 “
281 3108 351 3157 XLI.
373 3110 413 3158 De
425 3108 480 3158 lacu
492 3108 711 3158 Nicomedensium
1330 3125 1373 3172 141

265 3210 350 3261 XLII.
370 3210 484 3275 Trajan's
495 3211 565 3275 reply
606 3248 1256 3261 .......
1330 3227 1376 3275 144

251 3313 352 3363 XLIII.
373 3314 413 3363 De
425 3314 600 3378 Byzantiorum
611 3314 735 3378 inpendiis
1329 3330 1376 3379 144

251 3417 345 3466 XLIV.
366 3415 561 3481 Trajan'sreply
605 3453 610 3465 .
696 3451 700 3458 .
713 3454 1257 3468 ......
1329 3422 1375 3482 146

272 3521 352 3570 XLV.
372 3520 413 3570 De
425 3518 602 3584 diplomatibus
1330 3534 1374 3583 147

255 3623 350 3673 XLVI.
370 3620 484 3686 Trajan's
495 3623 564 3686 reply
605 3658 1258 3673 .......
1330 3624 1375 3684 148

239 3724 348 3775 XLVII.
369 3726 410 3774 De
420 3723 552 3790 privilegio
563 3724 732 3788 Apameorum
1329 3727 1375 3787 148

224 3828 347 3878 XLVIII.
368 3826 482 3892 Trajan’s
492 3825 563 3892 reply
604 3862 1256 3878 .......
1329 3842 1375 3894 15ο

254 3930 348 3980 XLIX.
369 3929 410 3979 De
421 3930 536 3994 religioso
547 3931 642 3995 templo
653 3914 825 4004 transiercndo
930 3969 935 3980 .
1036 3968 1042 3981 .
1144 3970 1149 3982 .
1253 3971 1258 3982 .
1329 3945 1376 3997 150

319 4033 348 4082 L.
369 4031 483 4097 Trajan's
493 4033 564 4097 reply
606 4070 1257 4086 .......
1329 4050 1374 4102 152

227 4168 229 4171 .
305 4133 349 4183 LI.
369 4135 468 4184 Gratias
479 4134 575 4199 agentis
607 4172 1256 4188 .......
1329 4151 1375 4204 153

291 4235 351 4287 LII.
371 4236 413 4285 Ad
424 4237 492 4286 diem
504 4236 603 4301 imperii

272 4338 345 4388 LIII.
367 4339 480 4403 Trajan’s
490 4340 562 4404 reply
604 4376 1256 4394 .......
1329 4356 1373 4408 155

281 4441 349 4491 LIV.
371 4443 411 4492 De
421 4442 528 4506 pecunia
539 4443 631 4493 fenoris
