3052 5040
228 299 283 350 166
585 295 615 354 C.
639 296 774 356 PLINI
795 298 864 356 ET
887 298 1086 358 TRAIANI

225 485 357 539 secutus
384 476 435 552 sit,
454 476 530 538 ideo
558 476 676 540 saltem
705 498 725 540 a
754 498 807 541 me
835 479 984 555 rescindi,
1003 487 1039 542 ut
1058 480 1168 560 potius
1195 479 1274 542 mihi
1294 480 1424 545 debeat.

226 576 301 640 Sint
320 585 392 640 rata
410 586 443 639 et
462 586 559 653 certa,
577 597 638 640 nec
656 578 835 658 gratulatio
864 577 961 642 ullius
991 580 1182 643 instauratis
1203 589 1302 662 egeat
1320 582 1425 663 preci-

224 677 286 740 bus
305 697 404 758 quem
433 677 565 740 fortuna
594 678 721 760 imperii
750 679 842 743 vultu
873 679 1007 742 meliore
1035 665 1190 762 respexit
1243 681 1301 743 Me
1330 683 1424 744 novis

224 762 392 865 beneficiis
410 798 527 841 vacare
555 764 725 860 patiantur
752 788 785 843 et
813 788 852 843 ea
874 780 1010 843 demum
1040 781 1146 844 sciant
1162 768 1323 863 'roganda
1351 802 1425 845 esse

223 898 309 959 quae
328 898 394 941 non
413 878 544 942 habent.

432 1044 613 1095 EPISTULA
632 1044 797 1095 EIUSDEM
816 1044 867 1094 AD
885 1044 1053 1096 TULLIUM
1072 1045 1217 1096 IUSTUM

159 1171 196 1210 10
302 1156 385 1220 Cum
411 1176 518 1219 rerum
542 1158 692 1220 omniurn
721 1156 886 1221 ordinatio
913 1178 998 1240 quae
1024 1156 1186 1239 prioribus
1215 1158 1423 1240 temporibus

224 1256 399 1319 inchoatae
416 1268 667 1321 consummatae
681 1267 758 1322 sunt
775 1256 982 1337 observanda
996 1259 1046 1334 sit,
1062 1267 1133 1338 tum
1151 1258 1302 1340 epistulis
1320 1259 1422 1322 etiam

225 1357 409 1421 Domitiani
427 1359 583 1422 standum
602 1369 659 1422 est.

255 1488 271 1524 2
288 1475 336 1524 sint
348 1483 401 1524 rata
413 1483 438 1524 et
449 1484 524 1536 certa,
542 1477 596 1525 Ber.
819 1476 824 1537 ζ
896 1488 911 1540 3
928 1475 1043 1541 precibus
1060 1491 1106 1525 nec
1123 1475 1166 1540 qui
1186 1492 1237 1526 non
1256 1476 1361 1537 habent,
1381 1492 1424 1526 me

287 1540 308 1589 si
319 1540 416 1605 ingrata
427 1547 451 1589 et
462 1549 538 1600 certa,
551 1543 646 1590 Aram.
959 1557 1034 1604 quern
1052 1541 1151 1591 fortuna
1167 1541 1266 1617 imperii
1282 1543 1354 1592 vultu
1371 1557 1424 1591 me-

286 1606 335 1655 sint
346 1606 368 1654 si
379 1614 440 1664 rata,
454 1614 512 1665 etc,
527 1607 559 1656 B.
806 1598 815 1681 J
873 1622 880 1634 ·
959 1607 1021 1656 liore
1031 1606 1140 1670 respexit
1151 1622 1230 1666 novis,
1242 1607 1302 1656 ΑΜ.

286 1671 307 1719 si
319 1670 385 1719 enim
397 1678 475 1733 grata,
490 1679 548 1731 etc,
563 1672 621 1720 Ald.

222 1810 322 1859 enables
335 1812 419 1860 Nerva
430 1818 457 1860 to
468 1811 565 1861 rescind
584 1814 709 1862 whatever
727 1813 797 1863 there
879 1814 936 1862 The
955 1815 1019 1877 style
1037 1814 1066 1863 of
1085 1813 1135 1862 this
1155 1813 1221 1862 edict
1243 1813 1264 1861 is
1286 1829 1420 1877 pompous,

222 1890 301 1924 seems
312 1877 379 1939 good
390 1892 478 1925 reason
489 1876 527 1925 ior
538 1877 684 1940 rescinding.
846 1879 1045 1943 grandiloquent
1068 1879 1118 1928 and
1141 1879 1294 1931 obscure-a
1316 1878 1423 1943 striking

254 1944 289 1988 ut
306 1944 404 1998 potius
422 1945 493 1990 mihi
510 1946 623 2003 debeat,
635 1943 693 1992 'that
709 1943 722 1991 I
739 1959 796 2006 may
847 1951 955 1993 contrast
977 1950 1005 1993 ‘to
1027 1945 1070 1993 the
1092 1944 1203 1993 business
1214 1943 1284 1992 -like
1306 1943 1373 1993 edict
1395 1943 1427 1992 os

222 2003 286 2053 have
296 2006 331 2053 all
342 2006 461 2055 indebted
474 2015 500 2056 to
512 2023 552 2056 me
563 2008 644 2058 alone.
846 2010 973 2074 Augustus
985 2009 1077 2072 quoted
1089 2009 1175 2058 above
1214 2008 1237 2057 It
1252 2008 1344 2073 hardly
1354 2008 1422 2072 gives

253 2074 419 2129 gratulatio,
430 2073 481 2135 joy.
846 2089 875 2122 us
886 2091 901 2123 a
912 2074 1055 2123 favourable
1067 2074 1123 2123 idea
1134 2073 1163 2123 of
1177 2073 1282 2122 Nerva’s
1294 2073 1421 2138 qualifica-

253 2136 372 2184 fortuna
393 2140 510 2195 imperii,
531 2153 616 2185 means
640 2137 704 2186 little
726 2154 796 2187 more
846 2138 1136 2203 tionsiorhisposition.

221 2199 282 2248 than
305 2201 443 2260 ‘fortuna’;
460 2203 504 2251 but
524 2202 588 2251 from
608 2218 640 2250 an
659 2203 795 2266 emperor’s

220 2265 292 2328 point
311 2265 340 2313 of
357 2266 420 2314 view
432 2266 474 2315 the
489 2267 557 2316 chief
574 2267 686 2317 sunction
701 2268 729 2316 os
746 2268 793 2316 for·
890 2265 1024 2302 EPISTULA
1041 2265 1167 2302 EIUSDEM
1185 2264 1224 2301 AD
1241 2264 1376 2302 Turnum

220 2337 281 2378 tuna
292 2347 343 2380 was
354 2339 380 2381 to
392 2339 488 2394 protect
500 2332 542 2381 the
553 2332 654 2397 empire.
1072 2330 1188 2367 IUSTUM·

252 2400 338 2444 vultu
357 2400 476 2446 meliore
497 2401 632 2454 respexit.
673 2397 712 2447 Ci.
733 2397 790 2460 Juv.
876 2398 940 2456 §10-
960 2400 1092 2454 epistulis
1104 2398 1260 2445 Domitiani
1279 2399 1421 2445 standum

219 2459 253 2508 vii
265 2472 288 2519 2,
305 2461 394 2510 ‘Solus
412 2462 478 2510 enim
496 2463 576 2511 tristes
587 2463 634 2512 hac
646 2469 794 2526 tempestate
844 2467 897 2510 est.
934 2461 975 2510 Cf.
995 2462 1046 2511 Cic.
1062 2469 1111 2525 pro
1135 2461 1232 2509 cluent.
1254 2470 1286 2521 47
1307 2473 1363 2524 332,
1385 2460 1421 2510 ‘si

220 2525 343 2575 Camenas
356 2526 494 2590 Respexit.’
845 2542 922 2590 usque
938 2528 966 2575 L.
982 2527 1059 2576 Gellii
1076 2525 1168 2575 iudicio
1184 2525 1253 2575 stetit
1271 2525 1419 2585 Lentulus3’

252 2595 378 2650 demum,
397 2593 457 2656 only
466 2609 474 2651 ;
491 2608 524 2641 on
544 2592 594 2642 this
613 2608 684 2642 sense
705 2592 733 2641 os
750 2593 794 2641 the
845 2592 899 2641 Liv.
912 2591 953 2640 xxi
967 2604 1004 2653 19,
1021 2591 1083 2641 ‘etsi
1094 2591 1176 2656 priore
1187 2590 1287 2640 foedere
1299 2590 1420 2641 staretur!

220 2657 295 2715 word,
308 2657 339 2705 ci.
352 2664 410 2706 note
422 2673 455 2706 on
466 2659 515 2721 Ep.
528 2670 566 2708 22.
1185 2682 1192 2711 t
1250 2694 1268 2711 ...

653 2867 794 2929 LVIlII
815 2865 981 2948 [LXVII]

645 3007 696 3068 De
712 3007 818 3069 eodem
835 3004 995 3086 Archippo

499 3157 528 3207 C.
547 3157 697 3208 PLINIUS
716 3157 885 3206 TRAIANO
904 3155 1134 3205 IMPERATORI

296 3280 428 3343 Flavius
447 3281 639 3364 Archippus
657 3302 716 3364 per
742 3281 882 3345 salutern
907 3289 999 3344 tuam
1018 3279 1315 3367 aeternitatemque
1333 3279 1418 3362 petit

219 3401 239 3444 a
265 3402 319 3444 me
337 3391 373 3444 ut
400 3381 546 3445 libellum
573 3403 673 3464 quem
693 3383 773 3445 mihi
800 3383 893 3447 dedit
920 3380 1085 3444 mitterem
1112 3380 1180 3444 tibi.
1232 3378 1335 3461 Quod
1354 3400 1418 3462 ego

218 3482 264 3544 sic
279 3483 408 3564 roganti
436 3483 671 3564 praestandum
690 3484 813 3565 putavi,
831 3484 877 3546 ita
895 3495 1007 3546 tamen
1026 3489 1063 3544 ut
1090 3481 1266 3543 missurum
1286 3500 1341 3544 me
1359 3501 1418 3544 no·

219 3593 290 3646 tum
318 3584 606 3661 accusatrici-eius
633 3584 784 3659 facerem,
803 3584 823 3647 a
848 3602 914 3665 qua
932 3592 965 3646 et
984 3583 1055 3664 ipsa
1073 3589 1247 3663 acceptum
1267 3580 1416 3645 libellum

219 3682 269 3746 his
287 3684 436 3766 epistulis
463 3685 566 3762 iunxi,
584 3705 651 3767 quo
678 3685 805 3748 facilius
831 3684 921 3748 velut
947 3683 1062 3747 audita
1088 3691 1228 3762 utraque
1255 3691 1351 3763 parte
1368 3683 1418 3746 di-

218 3785 359 3867 spiceres
377 3785 457 3867 quid
476 3786 689 3849 statuendum
710 3794 857 3868 putares·

249 3903 350 3953 Flavius
361 3903 503 3968 Archippus
514 3903 611 3967 adjures
622 3920 663 3953 me
678 3905 712 3967 by
728 3919 789 3966 your
871 3916 924 3960 per
937 3905 1063 3951 salutem
1074 3903 1347 3958 aeternitatemque.
1377 3899 1418 3950 Cf.

217 3967 295 4031 safety
313 3969 362 4017 and
379 3969 504 4017 immortal
521 3985 595 4018 name
610 3975 636 4017 to
653 3969 759 4017 forward
775 3985 791 4018 a
841 3983 874 4016 on
885 3969 935 4031 Ep.
949 3979 988 4027 41.

217 4033 321 4093 petition
329 4033 411 4082 which
419 4034 451 4082 he
460 4033 504 4082 has
515 4033 605 4097 placed
616 4034 641 4081 in
650 4050 692 4097 my
702 4034 790 4082 hands.
873 4036 915 4082 stc
936 4035 1060 4090 roganti,
1085 4030 1175 4095 asking
1197 4030 1224 4079 in
1246 4029 1297 4080 this
1320 4031 1419 4080 solemn

219 4095 231 4143 I
243 4097 348 4162 thought
360 4099 414 4148 that
427 4099 439 4147 I
457 4098 536 4162 might
547 4107 619 4163 grant
636 4099 675 4148 his
692 4107 790 4162 request
841 4113 951 4146 manner.

217 4176 250 4208 on
263 4163 389 4212 condition
402 4164 455 4213 that
468 4163 480 4211 I
494 4163 617 4213 informed
634 4164 673 4213 his
690 4180 789 4213 accuser
872 4164 1045 4211 accusatrici
1062 4165 1133 4211 eiua.
1170 4160 1246 4210 Furia
1264 4159 1356 4222 Prima,
1376 4176 1419 4210 see

217 4224 246 4274 os
267 4241 309 4288 my
331 4227 462 4276 intention.
509 4228 521 4276 I
548 4229 597 4291 add
619 4245 635 4278 a
660 4230 788 4278 memorial
839 4228 928 4277 below

216 4289 299 4339 which
321 4292 333 4339 I
356 4292 470 4341 received
491 4293 554 4342 from
573 4293 626 4353 her,
646 4295 707 4354 that,
726 4294 789 4344 aster
871 4295 1034 4351 dispiceres.
1060 4290 1099 4341 cf.
1110 4289 1215 4355 ‘dispice
1222 4305 1290 4355 ergo,
1300 4287 1419 4347 domine,’

217 4354 318 4419 hearing
330 4355 391 4405 both
408 4357 481 4417 sides,
494 4374 543 4421 you
554 4374 612 4422 may
623 4359 710 4408 decide
721 4360 788 4409 what
838 4362 887 4423 Ep.
904 4371 944 4424 54,
957 4364 1005 4408 etc.

216 4418 237 4468 is
248 4427 275 4469 to
286 4421 319 4469 be
330 4419 402 4470 done.
